%% This BibTeX bibliography file was created using BibDesk.
%% http://bibdesk.sourceforge.net/


%% Created for pierro goffard at 2015-08-18 15:38:42 +0200 


%% Saved with string encoding Unicode (UTF-8) 



@article{GoGu15,
	Author = {Goffard, Pierre-Olivier and X. Guerrault},
	Date-Added = {2015-05-05 09:40:50 +0000},
	Date-Modified = {2015-08-18 13:38:42 +0000},
	Journal = {European Actuarial Journal},
	Keywords = {Solvency II; Saving contracts claim reserving; Statistical partitioning and classification; Functional data analysis; Longitudinal data classification.},
	Pages = {1-16},
	Title = {Is it optimal to group policyholders by age, gender, and seniority for {BEL} computations based on model points?},
	Year = {2015},
	Bdsk-Url-1 = {http://dx.doi.org/10.1007/s13385-015-0106-7}}

@article{GoLoPo15a,
	Author = {Goffard, Pierre-Olivier and S. Loisel and D. Pommeret},
	Date-Added = {2015-03-29 18:56:13 +0000},
	Date-Modified = {2015-06-08 10:04:16 +0000},
	Journal = {Journal of Computational and Applied Mathematics},
	Title = {A polynomial expansion to approximate the ultimate ruin probability in the compound {P}oisson ruin model},
	Year = {2015}}

@article{GoLoPo15b,
	Author = {Goffard, Pierre-Olivier and S. Loisel and D. Pommeret},
	Date-Added = {2015-03-24 17:52:08 +0000},
	Date-Modified = {2015-05-05 10:16:39 +0000},
	Journal = {Working Paper},
	Title = {Polynomial approximations for bivariate aggregate claim amount probability distributions},
	Year = {2015}}
