%% This BibTeX bibliography file was created using BibDesk.
%% http://bibdesk.sourceforge.net/


%% Created for Pierre Olivier GOFFARD at 2015-05-05 14:33:48 +0200 


%% Saved with string encoding Unicode (UTF-8) 



@book{1,
	Address = {Boston},
	Author = {H. S. Wylf},
	Date-Added = {2015-05-01 16:23:41 +0000},
	Date-Modified = {2015-05-01 16:23:41 +0000},
	Edition = {Second},
	Publisher = {Academic Press},
	Title = {generatingfunctionology},
	Year = {1994}}

@article{2,
	Author = {E. J. Weniger},
	Date-Added = {2015-05-01 16:23:41 +0000},
	Date-Modified = {2015-05-01 16:23:41 +0000},
	Journal = {arXiv preprint},
	Title = {Nonlinear sequence transformations for the acceleration of convergence and the summation of divergent series},
	Year = {2003}}

@article{3,
	Author = {P. Wynn},
	Date-Added = {2015-05-01 16:23:41 +0000},
	Date-Modified = {2015-05-01 16:23:41 +0000},
	Journal = {Mathematical tables and other aids to computation},
	Number = {54},
	Pages = {91-96},
	Title = {On a device for computing the $e_{m}(S_{n})$ transformation},
	Volume = {10},
	Year = {1956}}

@article{4,
	Author = {P. Wynn},
	Date-Added = {2015-05-01 16:23:41 +0000},
	Date-Modified = {2015-05-01 16:23:41 +0000},
	Journal = {SIAM Journal on numerical analysis},
	Number = {1},
	Pages = {91-122},
	Title = {On the Convergence and stability of the epsilon algorithm},
	Volume = {3},
	Year = {1966}}

@article{5,
	Author = {L. Alili and P.Patie and J.L. Pedersen},
	Date-Added = {2015-05-01 16:23:41 +0000},
	Date-Modified = {2015-05-01 16:23:41 +0000},
	Journal = {Stochastics Models},
	Number = {4},
	Pages = {967-980},
	Title = {Representations of the first hitting time density of an {O}rnstein-{U}hlenbeck Process},
	Volume = {21},
	Year = {2005}}

@article{6,
	Author = {C.E. Smith},
	Date-Added = {2015-05-01 16:23:41 +0000},
	Date-Modified = {2015-05-01 16:23:41 +0000},
	Journal = {Noise in physical systems and 1 F Fluctuations},
	Pages = {389},
	Title = {A {L}aguerre series approximation to the probability density of the first passage time of the Ornstein-Uhlenbeck process},
	Year = {1992}}

@article{7,
	Author = {A. Hald},
	Date-Added = {2015-05-01 16:23:41 +0000},
	Date-Modified = {2015-05-01 16:23:41 +0000},
	Journal = {International Statistical Review},
	Number = {2},
	Pages = {137-153},
	Title = {The early history of the cumulants and the {G}ram-{C}harlier series},
	Volume = {68},
	Year = {2000}}

@book{22,
	Author = {T. Rolski and H. Schmidli and V. Schmidt and J.Teugels},
	Date-Added = {2015-05-01 16:23:41 +0000},
	Date-Modified = {2015-05-01 16:23:41 +0000},
	Publisher = {Wiley series in probability and statistics},
	Title = {Stochastic Processes for Insurance and Finance},
	Year = {1999},
	Bdsk-File-1 = {YnBsaXN0MDDUAQIDBAUGJCVYJHZlcnNpb25YJG9iamVjdHNZJGFyY2hpdmVyVCR0b3ASAAGGoKgHCBMUFRYaIVUkbnVsbNMJCgsMDxJXTlMua2V5c1pOUy5vYmplY3RzViRjbGFzc6INDoACgAOiEBGABIAFgAdccmVsYXRpdmVQYXRoWWFsaWFzRGF0YV8QOS4uL0JvdXF1aW5UaFJ1aW5lL3N0b2NoYXN0aWMgcHJvYyBmb3IgZmluYW4gYW5kIGluc3VyLnBkZtIXCxgZV05TLmRhdGFPEQIMAAAAAAIMAAIAAAxNYWNpbnRvc2ggSEQAAAAAAAAAAAAAAAAAAADK2KVjSCsAAAANe0Yfc3RvY2hhc3RpYyBwcm9jIGZvciBmI0Q1QzhBLnBkZgAAAAAAAAAAAAAAAAAAAAAAAAAAAAAAAAAAAAAAAAAAAA1cisWqUS4AAAAAAAAAAAABAAIAAAkgAAAAAAAAAAAAAAAAAAAADkJvdXF1aW5UaFJ1aW5lABAACAAAytiXUwAAABEACAAAxapDHgAAAAEAEAANe0YACu6QAArugwAAkZAAAgBZTWFjaW50b3NoIEhEOlVzZXJzOnBpZXJyZW9saXZpZXI6RG9jdW1lbnRzOkJvdXF1aW5UaFJ1aW5lOnN0b2NoYXN0aWMgcHJvYyBmb3IgZiNENUM4QS5wZGYAAA4AUAAnAHMAdABvAGMAaABhAHMAdABpAGMAIABwAHIAbwBjACAAZgBvAHIAIABmAGkAbgBhAG4AIABhAG4AZAAgAGkAbgBzAHUAcgAuAHAAZABmAA8AGgAMAE0AYQBjAGkAbgB0AG8AcwBoACAASABEABIAVFVzZXJzL3BpZXJyZW9saXZpZXIvRG9jdW1lbnRzL0JvdXF1aW5UaFJ1aW5lL3N0b2NoYXN0aWMgcHJvYyBmb3IgZmluYW4gYW5kIGluc3VyLnBkZgATAAEvAAAVAAIAFP//AACABtIbHB0eWiRjbGFzc25hbWVYJGNsYXNzZXNdTlNNdXRhYmxlRGF0YaMdHyBWTlNEYXRhWE5TT2JqZWN00hscIiNcTlNEaWN0aW9uYXJ5oiIgXxAPTlNLZXllZEFyY2hpdmVy0SYnVHJvb3SAAQAIABEAGgAjAC0AMgA3AEAARgBNAFUAYABnAGoAbABuAHEAcwB1AHcAhACOAMoAzwDXAucC6QLuAvkDAgMQAxQDGwMkAykDNgM5A0sDTgNTAAAAAAAAAgEAAAAAAAAAKAAAAAAAAAAAAAAAAAAAA1U=}}

@article{25,
	Author = {G. Taylor},
	Date-Added = {2015-05-01 16:23:41 +0000},
	Date-Modified = {2015-05-01 16:23:41 +0000},
	Journal = {Scandinavian Actuarial Journal},
	Title = {Representation and explicit calculation of finite-time ruin probabilities},
	Year = {1978}}

@article{26,
	Author = {H. Albrecher and J.Teugels and R. Tichy},
	Date-Added = {2015-05-01 16:23:41 +0000},
	Date-Modified = {2015-05-01 16:23:41 +0000},
	Journal = {Insurance: Mathematics and Economics},
	Keywords = {Classical risk model; Ruin probabilities; Finite time interval; Real interest force},
	Number = {29},
	Pages = {345-355},
	Title = {On a gamma series expansion for the time dependent probability of collective ruin},
	Year = {2001}}

@article{27,
	Author = {N.L. Bowers},
	Date-Added = {2015-05-01 16:23:41 +0000},
	Date-Modified = {2015-05-01 16:23:41 +0000},
	Journal = {Transaction of society of actuaries},
	Number = {52},
	Pages = {125-137},
	Title = {Expansion of probability density functions as a sum of gamma densities with applications in risk theory},
	Volume = {18},
	Year = {1966}}

@article{34,
	Author = {H. H. Panjer},
	Date-Added = {2015-05-01 16:23:41 +0000},
	Date-Modified = {2015-05-01 16:23:41 +0000},
	Journal = {Astin Bulletin},
	Number = {1},
	Pages = {22-26},
	Title = {Recursive evaluation of a family of compound distributions},
	Volume = {12},
	Year = {1981}}

@book{35,
	Address = {Homewood, IL},
	Author = {H. U. Gerber},
	Date-Added = {2015-05-01 16:23:41 +0000},
	Date-Modified = {2015-05-01 16:23:41 +0000},
	Publisher = {Huebner Foundation Monograph 8.},
	Title = {An introduction to Mathematical Risk Theory},
	Year = {1979}}

@book{36,
	Address = {New York},
	Author = {H. B{\"u}hlman},
	Date-Added = {2015-05-01 16:23:41 +0000},
	Date-Modified = {2015-05-01 16:23:41 +0000},
	Publisher = {Springer},
	Title = {Mathematical Methods in Risk Theory},
	Year = {1970}}

@article{38,
	Author = {D. C. M. Dickson},
	Date-Added = {2015-05-01 16:23:41 +0000},
	Date-Modified = {2015-05-01 16:23:41 +0000},
	Journal = {British Actuarial Journal},
	Keywords = {Collective Risk Model; Probability of ruin; Individual Risk Model},
	Month = {April},
	Number = {1},
	Pages = {107-124},
	Title = {A review of Panjer's recursion formula and it's applications},
	Volume = {1},
	Year = {1995}}

@article{39,
	Author = {P. Embrechts and P. Gr{\"u}bel and S. M. Pitts},
	Date-Added = {2015-05-01 16:23:41 +0000},
	Date-Modified = {2015-05-01 16:23:41 +0000},
	Journal = {Statistica Neerlandica},
	Keywords = {Fast Fourrier transform; Compound Distribution; Sparre-Anderson medel; Richardson extrapolation},
	Month = {March.},
	Pages = {59-75},
	Title = {Some applications of the fast Fourrier transform algorithm in insurance mathematics},
	Volume = {41},
	Year = {1993}}

@article{40,
	Author = {DL. Jagerman},
	Date-Added = {2015-05-01 16:23:41 +0000},
	Date-Modified = {2015-05-01 16:23:41 +0000},
	Journal = {Bell System Technical Journal},
	Title = {An inversion technique for the Laplace transform with application to approximation},
	Year = {1978}}

@article{42,
	Author = {P. Embrechts and M. Frei},
	Date-Added = {2015-05-01 16:23:41 +0000},
	Date-Modified = {2015-05-01 16:23:41 +0000},
	Journal = {Mathematical Methods of Operations Research},
	Month = {July},
	Pages = {497-508},
	Title = {Panjer recursion versus FFT for compound distribution},
	Volume = {69},
	Year = {2009}}

@article{45,
	Author = {W. T. Weeks},
	Date-Added = {2015-05-01 16:23:41 +0000},
	Date-Modified = {2015-05-01 16:23:41 +0000},
	Journal = {Journal of the ACM},
	Number = {3},
	Pages = {419-429},
	Title = {Numerical inversion of {L}aplace transforms using {L}aguerre functions},
	Volume = {13},
	Year = {1966}}

@article{46,
	Author = {J.N. Lyness and G. Giunta},
	Date-Added = {2015-05-01 16:23:41 +0000},
	Date-Modified = {2015-05-01 16:23:41 +0000},
	Journal = {Mathematics of computation},
	Month = {July},
	Number = {175},
	Pages = {313-322},
	Title = {A modification of the {W}eeks method for numerical inversion of the {l}aplace transform},
	Volume = {47},
	Year = {1986}}

@article{48,
	Author = {U. Sumita and M. Kijima},
	Date-Added = {2015-05-01 16:23:41 +0000},
	Date-Modified = {2015-05-01 16:23:41 +0000},
	Journal = {Advances in applied probability},
	Pages = {683-708},
	Title = {The bivariate {L}aguerre transform and its applications: numerical exploration of bivariate processes},
	Year = {1985}}

@article{49,
	Author = {E.J. Gumbel},
	Date-Added = {2015-05-01 16:23:41 +0000},
	Date-Modified = {2015-05-01 16:23:41 +0000},
	Journal = {Journal of the American Statitical Association},
	Number = {292},
	Pages = {698-707},
	Title = {Bivariate exponential distributions},
	Volume = {55},
	Year = {1960}}

@article{52,
	Author = {A. G. Hawkes},
	Date-Added = {2015-05-01 16:23:41 +0000},
	Date-Modified = {2015-05-01 16:23:41 +0000},
	Journal = {Journal of the Royal Statistical Society. Series B (Methodological).},
	Pages = {129-131},
	Title = {A bivariate exponential distribution with applications to reliability},
	Year = {1972}}

@article{54,
	Author = {W.S. Chan and H. Yang and L. Zhang},
	Date-Added = {2015-05-01 16:23:41 +0000},
	Date-Modified = {2015-05-01 16:23:41 +0000},
	Journal = {Insurance: Mathematics and Economics},
	Number = {3},
	Pages = {345-358},
	Title = {Some results on ruin probabilities in a two-dimensional risk model},
	Volume = {32},
	Year = {2003}}

@article{55,
	Author = {J. Cai and H. Li},
	Date-Added = {2015-05-01 16:23:41 +0000},
	Date-Modified = {2015-05-01 16:23:41 +0000},
	Journal = {Insurance: Mathematics and Economics},
	Number = {2},
	Pages = {137-152},
	Title = {Multivariate risk model of phase type},
	Volume = {36},
	Year = {2005}}

@article{56,
	Author = {D. Assaf and N.A. Landberg and M. Shaked},
	Date-Added = {2015-05-01 16:23:41 +0000},
	Date-Modified = {2015-05-01 16:23:41 +0000},
	Journal = {Operation Research},
	Number = {3},
	Pages = {688-702},
	Title = {Multivariate phase-type distributions},
	Volume = {32},
	Year = {1984}}

@phdthesis{57,
	Author = {I. Groparu-Cojocaru},
	Date-Added = {2015-05-01 16:23:41 +0000},
	Date-Modified = {2015-05-01 16:23:41 +0000},
	Month = {November},
	School = {Universit{\'e} de Montr{\'e}al},
	Title = {A class of bivariate {E}rlang distributions and ruin probabilities in multivariate risk models},
	Type = {Applied mathematics},
	Year = {2012}}

@article{59,
	Author = {H. Mustapha and R. Dimitrakomoulos},
	Date-Added = {2015-05-01 16:23:41 +0000},
	Date-Modified = {2015-05-01 16:23:41 +0000},
	Journal = {Computers & Mathematics with Applications},
	Number = {7},
	Pages = {2178-2189},
	Title = {Generalized {L}aguerre expansions of multivariate probability densities with moments},
	Volume = {60},
	Year = {2010}}

@article{60,
	Author = {Q. He and H.N. Nagaraja and C. Wu},
	Date-Added = {2015-05-01 16:23:41 +0000},
	Date-Modified = {2015-05-01 16:23:41 +0000},
	Journal = {Computational Statistics},
	Number = {6},
	Pages = {2479-2494},
	Title = {Efficient simulation of complete and censored samples from common bivariate distributions},
	Volume = {28},
	Year = {2013}}

@article{AbChWh95,
	Author = {J. Abate and G.L. Choudhury and W. Whitt},
	Date-Added = {2015-05-01 16:23:41 +0000},
	Date-Modified = {2015-05-01 16:23:41 +0000},
	Journal = {INFORMS Journal on Computing},
	Number = {4},
	Pages = {413-427},
	Title = {On the {L}aguerre method for numerically inverting {L}aplace transforms},
	Volume = {8},
	Year = {1995}}

@article{AbChWh98,
	Author = {J. Abate and G.L. Choudhury and W. Whitt},
	Date-Added = {2015-05-01 16:23:41 +0000},
	Date-Modified = {2015-05-01 16:23:41 +0000},
	Journal = {Performance Evaluation},
	Number = {3},
	Pages = {229-243},
	Title = {Numerical inversion of multidimensional {L}aplace transform by the {L}aguerre method},
	Volume = {31},
	Year = {1998}}

@article{AbWh92,
	Author = {J. Abate and W. Whitt},
	Date-Added = {2015-05-01 16:23:41 +0000},
	Date-Modified = {2015-05-01 16:23:41 +0000},
	Journal = {Queueing Systems},
	Number = {1-2},
	Pages = {5-87},
	Title = {The {F}ourier-series method for inverting transform of probability distributions},
	Volume = {10},
	Year = {1992}}

@article{Am98,
	Author = {R.S. Ambagaspitiya},
	Date-Added = {2015-05-01 16:23:41 +0000},
	Date-Modified = {2015-05-01 16:23:41 +0000},
	Journal = {Insurance: Mathematics and Economics},
	Number = {1},
	Pages = {15-19},
	Title = {On the distribution of a sum of correlated aggregate claims},
	Volume = {23},
	Year = {1998}}

@article{Am99,
	Author = {R.S. Ambagaspitiya},
	Date-Added = {2015-05-01 16:23:41 +0000},
	Date-Modified = {2015-05-01 16:23:41 +0000},
	Journal = {Insurance: Mathematics and Economics},
	Number = {3},
	Pages = {301-308},
	Title = {On the distributions of two classes of correlated aggregate claims},
	Volume = {24},
	Year = {1999}}

@article{AvPaPi08,
	Author = {F. Avram and F. Palmowski and M. Pistorius},
	Date-Added = {2015-05-01 16:23:41 +0000},
	Date-Modified = {2015-05-01 16:23:41 +0000},
	Journal = {Insurance: Mathematics and Economics},
	Number = {1},
	Pages = {227-234},
	Title = {A two-dimensionnal ruin problem on the positive quadrant},
	Volume = {42},
	Year = {2008}}

@book{Ba78,
	Author = {Barndorff-Nielsen, O.},
	Date-Added = {2015-05-01 16:23:41 +0000},
	Date-Modified = {2015-05-01 16:23:41 +0000},
	Publisher = {Wiley},
	Title = {Information and {E}xponential {F}amilies in {S}tatistical {T}heory},
	Year = {1978}}

@article{CaClLe13,
	Author = {A. Castaner and M. M. Claramunt and C. Lef{\`e}vre},
	Date-Added = {2015-05-01 16:23:41 +0000},
	Date-Modified = {2015-05-01 16:23:41 +0000},
	Journal = {Insurance: Mathematics and Economics},
	Number = {3},
	Pages = {632-642},
	Title = {Survival probabilities in bivariate risk models, with application to reinsurance},
	Volume = {53},
	Year = {2013}}

@article{CaLi07,
	Author = {J. Cai and H. Li},
	Date-Added = {2015-05-01 16:23:41 +0000},
	Date-Modified = {2015-05-01 16:23:41 +0000},
	Journal = {Journal of Multivariate Analysis},
	Number = {4},
	Pages = {757-773},
	Title = {Dependence properties and bounds for ruin probabilities in multivariate compound risk models},
	Volume = {98},
	Year = {2007}}

@article{ChLuWh94,
	Author = {G.L. Choudhury and D. Lucantoni and W. Whitt},
	Date-Added = {2015-05-01 16:23:41 +0000},
	Date-Modified = {2015-05-01 16:23:41 +0000},
	Journal = {The Annals of Applied Probability},
	Number = {3},
	Pages = {719-740},
	Title = {Multidimensional transform inversion application to the transient {M} / {G} / 1 Queue},
	Volume = {4},
	Year = {1994}}

@article{DeFrLe07,
	Author = {M. Denuit and E. Frostig and B. Levikson},
	Date-Added = {2015-05-01 16:23:41 +0000},
	Date-Modified = {2015-05-01 16:23:41 +0000},
	Journal = {Methodology and Computing in Applied Probability},
	Number = {1},
	Pages = {41-54},
	Title = {Supermodular comparison of time-to-ruin random vectors},
	Volume = {9},
	Year = {2007}}

@article{DiaGri12,
	Author = {P. Diaconis and R. Griffiths},
	Date-Added = {2015-05-01 16:23:41 +0000},
	Date-Modified = {2015-05-01 16:23:41 +0000},
	Journal = {Australian and New Zealand Journal of Statistics},
	Number = {1},
	Pages = {81-101},
	Title = {Exchangeables pairs of {B}ernouilli random variables, {K}rawtchouck polynomials, and {E}hrenfest urns},
	Volume = {54},
	Year = {2012}}

@article{DiKa10,
	Author = {V. K. Kaishev and D. S. Dimitrova},
	Date-Added = {2015-05-01 16:23:41 +0000},
	Date-Modified = {2015-05-01 16:23:41 +0000},
	Journal = {Insurance: Mathematics and Economics},
	Number = {1},
	Pages = {27-35},
	Title = {Optimal joint survival reinsurance: {A}n efficient frontier approach},
	Volume = {47},
	Year = {2010}}

@article{Do70,
	Author = {F. Dowton},
	Date-Added = {2015-05-01 16:23:41 +0000},
	Date-Modified = {2015-05-01 16:23:41 +0000},
	Journal = {Journal of the Royal Statistical Society. Series B (Methodological)},
	Pages = {408-417},
	Title = {Bivariate exponential distributions in reliabilty theory},
	Year = {1970}}

@article{GoBaCh12,
	Author = {L. Gong and A. L. Badsecu and E.C. Cheung},
	Date-Added = {2015-05-01 16:23:41 +0000},
	Date-Modified = {2015-05-01 16:23:41 +0000},
	Journal = {Insurance: Mathematics and Economics},
	Number = {1},
	Pages = {109-120},
	Title = {Recursive methods for a multi-dimensional risk process with common shocks},
	Volume = {50},
	Year = {2012}}

@article{GoLoPo2015,
	Author = {Goffard, Pierre-Olivier and S. Loisel and D. Pommeret},
	Date-Added = {2015-05-01 16:23:41 +0000},
	Date-Modified = {2015-05-05 12:33:45 +0000},
	Journal = {Working Paper},
	Title = {A polynomial expansion to approximate the ultimate ruin probability in the compound {P}oisson ruin model},
	Year = {2015}}

@article{GuYuZh07,
	Author = {J. Y. Guo and K. C. Yuen and M. Zhou},
	Date-Added = {2015-05-01 16:23:41 +0000},
	Date-Modified = {2015-05-01 16:23:41 +0000},
	Journal = {Acta Mathematica Sinica, English series},
	Number = {7},
	Pages = {1281-1288},
	Title = {Ruin probabilities in {C}ox risk models with two dependent classes of business},
	Volume = {23},
	Year = {20017}}

@article{JiRe13,
	Author = {T. Jin and J. Ren},
	Date-Added = {2015-05-01 16:23:41 +0000},
	Date-Modified = {2015-05-01 16:23:41 +0000},
	Journal = {Scandinavian Actuarial Journal},
	Number = {ahead-of-print},
	Pages = {1-24},
	Title = {Recursions and {F}ast {F}ourier {T}ranform for a new bivariate aggregate claims model},
	Year = {2013}}

@article{KaDi06,
	Author = {V. K. Kaishev and D. S. Dimitrova},
	Date-Added = {2015-05-01 16:23:41 +0000},
	Date-Modified = {2015-05-01 16:23:41 +0000},
	Journal = {Insurance: Mathematics and Economics},
	Number = {3},
	Pages = {376-389},
	Title = {EXcess of loss reinsurance under joint survival optimality},
	Volume = {39},
	Year = {2006}}

@article{KaDiIg08,
	Author = {V. K. Kaishev and D. S. Dimitrova and Z. G. Ignatov},
	Date-Added = {2015-05-01 16:23:41 +0000},
	Date-Modified = {2015-05-01 16:23:41 +0000},
	Journal = {The Journal of Operational Risk 3},
	Pages = {39-60},
	Title = {Operational risk and insurance: {A} ruin-probabilistic reserving approach},
	Year = {2008}}

@phdthesis{Kou95,
	Address = {Toulouse},
	Author = {A. E. Koudou},
	Date-Added = {2015-05-01 16:23:41 +0000},
	Date-Modified = {2015-05-01 16:23:41 +0000},
	Title = {Probl{\`e}mes de marges et familles exponentielles naturelles},
	Year = {1995}}

@article{Kou96,
	Author = {A. E. Koudou},
	Date-Added = {2015-05-01 16:23:41 +0000},
	Date-Modified = {2015-05-01 16:23:41 +0000},
	Journal = {Expositiones Mathematicae},
	Pages = {247-276},
	Title = {Probabilit{\'e}s de {L}ancaster},
	Volume = {14},
	Year = {1996}}

@article{Lan58,
	Author = {H.O. Lancaster},
	Date-Added = {2015-05-01 16:23:41 +0000},
	Date-Modified = {2015-05-01 16:23:41 +0000},
	Journal = {The Annals of Mathematical Statistics},
	Pages = {719-736},
	Title = {The structure of bivariate distributions},
	Year = {1958}}

@article{MaOl67,
	Author = {A.W. Marshall and L. Olkin},
	Date-Added = {2015-05-01 16:23:41 +0000},
	Date-Modified = {2015-05-01 16:23:41 +0000},
	Journal = {Journal of the American Statitical Association},
	Number = {317},
	Pages = {30-44},
	Title = {A multivariate exponential distribution},
	Volume = {62},
	Year = {1967}}

@article{Mn11,
	Author = {R. M. Mnatsakanov},
	Date-Added = {2015-05-01 16:23:41 +0000},
	Date-Modified = {2015-05-01 16:23:41 +0000},
	Journal = {Statistics and Probability Letters},
	Number = {1},
	Pages = {1-7},
	Title = {Moment-recovered approximations of multivariate distributions: The {L}aplace transform inversion},
	Volume = {81},
	Year = {2011}}

@article{MnSa13,
	Author = {R. M. Mnatsakanov and K. Sarkisian},
	Date-Added = {2015-05-01 16:23:41 +0000},
	Date-Modified = {2015-05-01 16:23:41 +0000},
	Journal = {Applied Mathematics and Computation},
	Pages = {8730-8737},
	Title = {A note on recovering the distribution from exponential moments},
	Volume = {219},
	Year = {2013}}

@article{MnSaHa14,
	Author = {R. M. Mnatsakanov and K. Sarkisian and A. Hakobyan},
	Date-Added = {2015-05-01 16:23:41 +0000},
	Date-Modified = {2015-05-01 16:23:41 +0000},
	Journal = {Working Paper},
	Title = {Approximation of the ruin probability using the scaled {L}aplace transform inversion},
	Year = {2014}}

@article{Mo82,
	Author = {Carl N. Morris},
	Date-Added = {2015-05-01 16:23:41 +0000},
	Date-Modified = {2015-05-01 16:23:41 +0000},
	Journal = {The Annals of Mathematical Statistics},
	Number = {1},
	Pages = {65-80},
	Title = {Natural {E}xponential {F}amilies with {Q}uadratic {V}ariance {F}unctions},
	Volume = {10},
	Year = {1982},
	Bdsk-File-1 = {YnBsaXN0MDDUAQIDBAUGJCVYJHZlcnNpb25YJG9iamVjdHNZJGFyY2hpdmVyVCR0b3ASAAGGoKgHCBMUFRYaIVUkbnVsbNMJCgsMDxJXTlMua2V5c1pOUy5vYmplY3RzViRjbGFzc6INDoACgAOiEBGABIAFgAdccmVsYXRpdmVQYXRoWWFsaWFzRGF0YV8QLC4uLy4uLy4uL0Rvd25sb2Fkcy9ldWNsaWQuYW9zLjExNzYzNDU2OTAucGRm0hcLGBlXTlMuZGF0YU8RAboAAAAAAboAAgAADE1hY2ludG9zaCBIRAAAAAAAAAAAAAAAAAAAAMtp+39IKwAAAAXYjhlldWNsaWQuYW9zLjExNzYzNDU2OTAucGRmAAAAAAAAAAAAAAAAAAAAAAAAAAAAAAAAAAAAAAAAAAAAAAAAAAAABdjozH9pkQAAAAAAAAAAAAMAAgAACSAAAAAAAAAAAAAAAAAAAAAJRG93bmxvYWRzAAAQAAgAAMtp7W8AAAARAAgAAMx/TXEAAAABAAwABdiOAAXUnAAAuVcAAgBHTWFjaW50b3NoIEhEOlVzZXJzOgBwaWVycmVvbGl2aWVyOgBEb3dubG9hZHM6AGV1Y2xpZC5hb3MuMTE3NjM0NTY5MC5wZGYAAA4ANAAZAGUAdQBjAGwAaQBkAC4AYQBvAHMALgAxADEANwA2ADMANAA1ADYAOQAwAC4AcABkAGYADwAaAAwATQBhAGMAaQBuAHQAbwBzAGgAIABIAEQAEgA3VXNlcnMvcGllcnJlb2xpdmllci9Eb3dubG9hZHMvZXVjbGlkLmFvcy4xMTc2MzQ1NjkwLnBkZgAAEwABLwAAFQACABT//wAAgAbSGxwdHlokY2xhc3NuYW1lWCRjbGFzc2VzXU5TTXV0YWJsZURhdGGjHR8gVk5TRGF0YVhOU09iamVjdNIbHCIjXE5TRGljdGlvbmFyeaIiIF8QD05TS2V5ZWRBcmNoaXZlctEmJ1Ryb290gAEACAARABoAIwAtADIANwBAAEYATQBVAGAAZwBqAGwAbgBxAHMAdQB3AIQAjgC9AMIAygKIAooCjwKaAqMCsQK1ArwCxQLKAtcC2gLsAu8C9AAAAAAAAAIBAAAAAAAAACgAAAAAAAAAAAAAAAAAAAL2}}

@article{PiLeCo03,
	Author = {P. Picard and C. Lef{\`e}vre and I. Coulibaly},
	Date-Added = {2015-05-01 16:23:41 +0000},
	Date-Modified = {2015-05-01 16:23:41 +0000},
	Journal = {Methodology and Computing in Applied Probability},
	Number = {3},
	Pages = {337-353},
	Title = {MUltirisks model and finite-time ruin probabilities},
	Volume = {5},
	Year = {2003}}

@article{Su00,
	Author = {B. Sundt},
	Date-Added = {2015-05-01 16:23:41 +0000},
	Date-Modified = {2015-05-01 16:23:41 +0000},
	Journal = {Astin Bulletin},
	Number = {1},
	Pages = {111-122},
	Title = {On multivariate Vernic recursions},
	Volume = {30},
	Year = {2000}}

@article{Su99,
	Author = {B. Sundt},
	Date-Added = {2015-05-01 16:23:41 +0000},
	Date-Modified = {2015-05-01 16:23:41 +0000},
	Journal = {Astin Bulletin},
	Number = {1},
	Pages = {29-45},
	Title = {On Multivariate {P}anjer recursions},
	Volume = {29},
	Year = {1999}}

@book{Sz39,
	Author = {G. Szeg{\"o}},
	Date-Added = {2015-05-01 16:23:41 +0000},
	Date-Modified = {2015-05-01 16:23:41 +0000},
	Publisher = {American mathematical society Colloquium publications},
	Title = {Orthogonal Polynomials},
	Volume = {XXIII},
	Year = {1939}}

@article{Ve99,
	Author = {R. Vernic},
	Date-Added = {2015-05-01 16:23:41 +0000},
	Date-Modified = {2015-05-01 16:23:41 +0000},
	Journal = {Astin Bulletin},
	Title = {Recursive evaluation of some bivariate compound distibutions},
	Year = {1999}}
