%% This BibTeX bibliography file was created using BibDesk.
%% http://bibdesk.sourceforge.net/


%% Created for Pierre Olivier GOFFARD at 2015-04-29 14:55:38 +0200 


%% Saved with string encoding Unicode (UTF-8) 



@article{1,
	Author = {F.E. De Vylder and M.J. Goovaerts},
	Date-Added = {2015-04-29 12:55:37 +0000},
	Date-Modified = {2015-04-29 12:55:37 +0000},
	Journal = {Insurance: Mathematics and Economics},
	Keywords = {Classical risk model; Ruin Probability; Cyclically interchangeable increments},
	Month = {Nov.},
	Title = {Inequality extension of Prabhu's formula in ruin theory},
	Year = {1998},
	Bdsk-File-1 = {YnBsaXN0MDDUAQIDBAUGJCVYJHZlcnNpb25YJG9iamVjdHNZJGFyY2hpdmVyVCR0b3ASAAGGoKgHCBMUFRYaIVUkbnVsbNMJCgsMDxJXTlMua2V5c1pOUy5vYmplY3RzViRjbGFzc6INDoACgAOiEBGABIAFgAdccmVsYXRpdmVQYXRoWWFsaWFzRGF0YV8QHS4uLy4uLy4uL0Rvd25sb2Fkcy9zY2llbmNlKDEp0hcLGBlXTlMuZGF0YU8RAXwAAAAAAXwAAgAADE1hY2ludG9zaCBIRAAAAAAAAAAAAAAAAAAAAMtp+39IKwAAAAXYjgpzY2llbmNlKDEpAAAAAAAAAAAAAAAAAAAAAAAAAAAAAAAAAAAAAAAAAAAAAAAAAAAAAAAAAAAAAAAAAAAAAAAABdlAy35MSwAAAAAAAAAAAAMAAgAACSAAAAAAAAAAAAAAAAAAAAAJRG93bmxvYWRzAAAQAAgAAMtp7W8AAAARAAgAAMt+PjsAAAABAAwABdiOAAXUnAAAuVcAAgA4TWFjaW50b3NoIEhEOlVzZXJzOgBwaWVycmVvbGl2aWVyOgBEb3dubG9hZHM6AHNjaWVuY2UoMSkADgAWAAoAcwBjAGkAZQBuAGMAZQAoADEAKQAPABoADABNAGEAYwBpAG4AdABvAHMAaAAgAEgARAASAChVc2Vycy9waWVycmVvbGl2aWVyL0Rvd25sb2Fkcy9zY2llbmNlKDEpABMAAS8AABUAAgAU//8AAIAG0hscHR5aJGNsYXNzbmFtZVgkY2xhc3Nlc11OU011dGFibGVEYXRhox0fIFZOU0RhdGFYTlNPYmplY3TSGxwiI1xOU0RpY3Rpb25hcnmiIiBfEA9OU0tleWVkQXJjaGl2ZXLRJidUcm9vdIABAAgAEQAaACMALQAyADcAQABGAE0AVQBgAGcAagBsAG4AcQBzAHUAdwCEAI4ArgCzALsCOwI9AkICTQJWAmQCaAJvAngCfQKKAo0CnwKiAqcAAAAAAAACAQAAAAAAAAAoAAAAAAAAAAAAAAAAAAACqQ==}}

@article{2,
	Author = {N. U. Prabhu},
	Date-Added = {2015-04-29 12:55:37 +0000},
	Date-Modified = {2015-04-29 12:55:37 +0000},
	Journal = {The Annals of Mathematical Statistics},
	Month = {Sep.},
	Number = {3},
	Pages = {757-764},
	Rating = {5},
	Read = {0},
	Title = {On the ruin Problem of Collective Risk theory},
	Volume = {32},
	Year = {1961},
	Bdsk-File-1 = {YnBsaXN0MDDUAQIDBAUGJCVYJHZlcnNpb25YJG9iamVjdHNZJGFyY2hpdmVyVCR0b3ASAAGGoKgHCBMUFRYaIVUkbnVsbNMJCgsMDxJXTlMua2V5c1pOUy5vYmplY3RzViRjbGFzc6INDoACgAOiEBGABIAFgAdccmVsYXRpdmVQYXRoWWFsaWFzRGF0YV8QHC4uLy4uLy4uL0Rvd25sb2Fkcy9zY2llbmNlLTTSFwsYGVdOUy5kYXRhTxEBegAAAAABegACAAAMTWFjaW50b3NoIEhEAAAAAAAAAAAAAAAAAAAAy2n7f0grAAAABdiOCXNjaWVuY2UtNAAAAAAAAAAAAAAAAAAAAAAAAAAAAAAAAAAAAAAAAAAAAAAAAAAAAAAAAAAAAAAAAAAAAAAAAAAF2UbLfkx+AAAAAAAAAAAAAwACAAAJIAAAAAAAAAAAAAAAAAAAAAlEb3dubG9hZHMAABAACAAAy2ntbwAAABEACAAAy34+bgAAAAEADAAF2I4ABdScAAC5VwACADdNYWNpbnRvc2ggSEQ6VXNlcnM6AHBpZXJyZW9saXZpZXI6AERvd25sb2FkczoAc2NpZW5jZS00AAAOABQACQBzAGMAaQBlAG4AYwBlAC0ANAAPABoADABNAGEAYwBpAG4AdABvAHMAaAAgAEgARAASACdVc2Vycy9waWVycmVvbGl2aWVyL0Rvd25sb2Fkcy9zY2llbmNlLTQAABMAAS8AABUAAgAU//8AAIAG0hscHR5aJGNsYXNzbmFtZVgkY2xhc3Nlc11OU011dGFibGVEYXRhox0fIFZOU0RhdGFYTlNPYmplY3TSGxwiI1xOU0RpY3Rpb25hcnmiIiBfEA9OU0tleWVkQXJjaGl2ZXLRJidUcm9vdIABAAgAEQAaACMALQAyADcAQABGAE0AVQBgAGcAagBsAG4AcQBzAHUAdwCEAI4ArQCyALoCOAI6Aj8CSgJTAmECZQJsAnUCegKHAooCnAKfAqQAAAAAAAACAQAAAAAAAAAoAAAAAAAAAAAAAAAAAAACpg==}}

@article{3,
	Author = {Kenny S. Crump},
	Date-Added = {2015-04-29 12:55:37 +0000},
	Date-Modified = {2015-04-29 12:55:37 +0000},
	Journal = {Sankya: The indian Journal of statistics},
	Pages = {396-404},
	Title = {On point processes having an order statistic structure},
	Volume = {37},
	Year = {1975},
	Bdsk-File-1 = {YnBsaXN0MDDUAQIDBAUGJCVYJHZlcnNpb25YJG9iamVjdHNZJGFyY2hpdmVyVCR0b3ASAAGGoKgHCBMUFRYaIVUkbnVsbNMJCgsMDxJXTlMua2V5c1pOUy5vYmplY3RzViRjbGFzc6INDoACgAOiEBGABIAFgAdccmVsYXRpdmVQYXRoWWFsaWFzRGF0YV8QHy4uLy4uLy4uL0Rvd25sb2Fkcy8yNTA0OTk5OS5wZGbSFwsYGVdOUy5kYXRhTxEBhAAAAAABhAACAAAMTWFjaW50b3NoIEhEAAAAAAAAAAAAAAAAAAAAy2n7f0grAAAABdiODDI1MDQ5OTk5LnBkZgAAAAAAAAAAAAAAAAAAAAAAAAAAAAAAAAAAAAAAAAAAAAAAAAAAAAAAAAAAAAAAAAAAAAAF2LHLbRpOAAAAAAAAAAAAAwACAAAJIAAAAAAAAAAAAAAAAAAAAAlEb3dubG9hZHMAABAACAAAy2ntbwAAABEACAAAy20MPgAAAAEADAAF2I4ABdScAAC5VwACADpNYWNpbnRvc2ggSEQ6VXNlcnM6AHBpZXJyZW9saXZpZXI6AERvd25sb2FkczoAMjUwNDk5OTkucGRmAA4AGgAMADIANQAwADQAOQA5ADkAOQAuAHAAZABmAA8AGgAMAE0AYQBjAGkAbgB0AG8AcwBoACAASABEABIAKlVzZXJzL3BpZXJyZW9saXZpZXIvRG93bmxvYWRzLzI1MDQ5OTk5LnBkZgATAAEvAAAVAAIAFP//AACABtIbHB0eWiRjbGFzc25hbWVYJGNsYXNzZXNdTlNNdXRhYmxlRGF0YaMdHyBWTlNEYXRhWE5TT2JqZWN00hscIiNcTlNEaWN0aW9uYXJ5oiIgXxAPTlNLZXllZEFyY2hpdmVy0SYnVHJvb3SAAQAIABEAGgAjAC0AMgA3AEAARgBNAFUAYABnAGoAbABuAHEAcwB1AHcAhACOALAAtQC9AkUCRwJMAlcCYAJuAnICeQKCAocClAKXAqkCrAKxAAAAAAAAAgEAAAAAAAAAKAAAAAAAAAAAAAAAAAAAArM=}}

@article{4,
	Author = {Bernard Ycart},
	Date-Added = {2015-04-29 12:55:37 +0000},
	Date-Modified = {2015-04-29 12:55:37 +0000},
	Journal = {Sankya: The indian Journal of statistics},
	Month = {Jun.},
	Pages = {184-189},
	Title = {A characteristic property of linear growth birth and death processes},
	Volume = {50},
	Year = {1988},
	Bdsk-File-1 = {YnBsaXN0MDDUAQIDBAUGJCVYJHZlcnNpb25YJG9iamVjdHNZJGFyY2hpdmVyVCR0b3ASAAGGoKgHCBMUFRYaIVUkbnVsbNMJCgsMDxJXTlMua2V5c1pOUy5vYmplY3RzViRjbGFzc6INDoACgAOiEBGABIAFgAdccmVsYXRpdmVQYXRoWWFsaWFzRGF0YV8QHS4uL2JpYmxpb2dyYXBoaWUvMjUwNTA2OTIucGRm0hcLGBlXTlMuZGF0YU8RAaYAAAAAAaYAAgAADE1hY2ludG9zaCBIRAAAAAAAAAAAAAAAAAAAAMrYpWNIKwAAAAsMMgwyNTA1MDY5Mi5wZGYAAAAAAAAAAAAAAAAAAAAAAAAAAAAAAAAAAAAAAAAAAAAAAAAAAAAAAAAAAAAAAAAAAAAADIG8y3/kvgAAAAAAAAAAAAEAAgAACSAAAAAAAAAAAAAAAAAAAAANYmlibGlvZ3JhcGhpZQAAEAAIAADK2JdTAAAAEQAIAADLf9auAAAAAQAQAAsMMgAK7pAACu6DAACRkAACAEVNYWNpbnRvc2ggSEQ6VXNlcnM6cGllcnJlb2xpdmllcjpEb2N1bWVudHM6YmlibGlvZ3JhcGhpZToyNTA1MDY5Mi5wZGYAAA4AGgAMADIANQAwADUAMAA2ADkAMgAuAHAAZABmAA8AGgAMAE0AYQBjAGkAbgB0AG8AcwBoACAASABEABIAOFVzZXJzL3BpZXJyZW9saXZpZXIvRG9jdW1lbnRzL2JpYmxpb2dyYXBoaWUvMjUwNTA2OTIucGRmABMAAS8AABUAAgAU//8AAIAG0hscHR5aJGNsYXNzbmFtZVgkY2xhc3Nlc11OU011dGFibGVEYXRhox0fIFZOU0RhdGFYTlNPYmplY3TSGxwiI1xOU0RpY3Rpb25hcnmiIiBfEA9OU0tleWVkQXJjaGl2ZXLRJidUcm9vdIABAAgAEQAaACMALQAyADcAQABGAE0AVQBgAGcAagBsAG4AcQBzAHUAdwCEAI4ArgCzALsCZQJnAmwCdwKAAo4CkgKZAqICpwK0ArcCyQLMAtEAAAAAAAACAQAAAAAAAAAoAAAAAAAAAAAAAAAAAAAC0w==}}

@article{5,
	Author = {N. Balakriskhnan and Tomazs J. Kozubowski},
	Date-Added = {2015-04-29 12:55:37 +0000},
	Date-Modified = {2015-04-29 12:55:37 +0000},
	Journal = {Statistics and probability letters},
	Month = {March.},
	Number = {78},
	Pages = {2246-2352},
	Title = {A class of weighted Poisson Processes},
	Year = {2008},
	Bdsk-File-1 = {YnBsaXN0MDDUAQIDBAUGJCVYJHZlcnNpb25YJG9iamVjdHNZJGFyY2hpdmVyVCR0b3ASAAGGoKgHCBMUFRYaIVUkbnVsbNMJCgsMDxJXTlMua2V5c1pOUy5vYmplY3RzViRjbGFzc6INDoACgAOiEBGABIAFgAdccmVsYXRpdmVQYXRoWWFsaWFzRGF0YV8QGi4uLy4uLy4uL0Rvd25sb2Fkcy9zY2llbmNl0hcLGBlXTlMuZGF0YU8RAXIAAAAAAXIAAgAADE1hY2ludG9zaCBIRAAAAAAAAAAAAAAAAAAAAMtp+39IKwAAAAXYjgdzY2llbmNlAAAAAAAAAAAAAAAAAAAAAAAAAAAAAAAAAAAAAAAAAAAAAAAAAAAAAAAAAAAAAAAAAAAAAAAAAAAABdk/y21sDgAAAAAAAAAAAAMAAgAACSAAAAAAAAAAAAAAAAAAAAAJRG93bmxvYWRzAAAQAAgAAMtp7W8AAAARAAgAAMttXf4AAAABAAwABdiOAAXUnAAAuVcAAgA1TWFjaW50b3NoIEhEOlVzZXJzOgBwaWVycmVvbGl2aWVyOgBEb3dubG9hZHM6AHNjaWVuY2UAAA4AEAAHAHMAYwBpAGUAbgBjAGUADwAaAAwATQBhAGMAaQBuAHQAbwBzAGgAIABIAEQAEgAlVXNlcnMvcGllcnJlb2xpdmllci9Eb3dubG9hZHMvc2NpZW5jZQAAEwABLwAAFQACABT//wAAgAbSGxwdHlokY2xhc3NuYW1lWCRjbGFzc2VzXU5TTXV0YWJsZURhdGGjHR8gVk5TRGF0YVhOU09iamVjdNIbHCIjXE5TRGljdGlvbmFyeaIiIF8QD05TS2V5ZWRBcmNoaXZlctEmJ1Ryb290gAEACAARABoAIwAtADIANwBAAEYATQBVAGAAZwBqAGwAbgBxAHMAdQB3AIQAjgCrALAAuAIuAjACNQJAAkkCVwJbAmICawJwAn0CgAKSApUCmgAAAAAAAAIBAAAAAAAAACgAAAAAAAAAAAAAAAAAAAKc}}

@article{6,
	Author = {F.E. De Vylder and M.J. Goovaerts},
	Date-Added = {2015-04-29 12:55:37 +0000},
	Date-Modified = {2015-04-29 12:55:37 +0000},
	Journal = {Insurance: Mathematics and Economics},
	Month = {Nov.},
	Number = {26},
	Pages = {223-238},
	Title = {Homogeneous risks models with equalized claims amounts},
	Volume = {26},
	Year = {2000},
	Bdsk-File-1 = {YnBsaXN0MDDUAQIDBAUGJCVYJHZlcnNpb25YJG9iamVjdHNZJGFyY2hpdmVyVCR0b3ASAAGGoKgHCBMUFRYaIVUkbnVsbNMJCgsMDxJXTlMua2V5c1pOUy5vYmplY3RzViRjbGFzc6INDoACgAOiEBGABIAFgAdccmVsYXRpdmVQYXRoWWFsaWFzRGF0YV8QHC4uLy4uLy4uL0Rvd25sb2Fkcy9zY2llbmNlLTLSFwsYGVdOUy5kYXRhTxEBegAAAAABegACAAAMTWFjaW50b3NoIEhEAAAAAAAAAAAAAAAAAAAAy2n7f0grAAAABdiOCXNjaWVuY2UtMgAAAAAAAAAAAAAAAAAAAAAAAAAAAAAAAAAAAAAAAAAAAAAAAAAAAAAAAAAAAAAAAAAAAAAAAAAF2UTLdq0xAAAAAAAAAAAAAwACAAAJIAAAAAAAAAAAAAAAAAAAAAlEb3dubG9hZHMAABAACAAAy2ntbwAAABEACAAAy3afIQAAAAEADAAF2I4ABdScAAC5VwACADdNYWNpbnRvc2ggSEQ6VXNlcnM6AHBpZXJyZW9saXZpZXI6AERvd25sb2FkczoAc2NpZW5jZS0yAAAOABQACQBzAGMAaQBlAG4AYwBlAC0AMgAPABoADABNAGEAYwBpAG4AdABvAHMAaAAgAEgARAASACdVc2Vycy9waWVycmVvbGl2aWVyL0Rvd25sb2Fkcy9zY2llbmNlLTIAABMAAS8AABUAAgAU//8AAIAG0hscHR5aJGNsYXNzbmFtZVgkY2xhc3Nlc11OU011dGFibGVEYXRhox0fIFZOU0RhdGFYTlNPYmplY3TSGxwiI1xOU0RpY3Rpb25hcnmiIiBfEA9OU0tleWVkQXJjaGl2ZXLRJidUcm9vdIABAAgAEQAaACMALQAyADcAQABGAE0AVQBgAGcAagBsAG4AcQBzAHUAdwCEAI4ArQCyALoCOAI6Aj8CSgJTAmECZQJsAnUCegKHAooCnAKfAqQAAAAAAAACAQAAAAAAAAAoAAAAAAAAAAAAAAAAAAACpg==}}

@article{7,
	Author = {Claude Lef{\`e}vre and Philipe Picard},
	Date-Added = {2015-04-29 12:55:37 +0000},
	Date-Modified = {2015-04-29 12:55:37 +0000},
	Journal = {Insurance: Mathematics and Economics},
	Keywords = {Risk process; Finite time horizon; Order Statistic property; Variance-to-mean ratio; Convex Order; Non-ruin probability; Appell polynomials},
	Month = {Aug.},
	Number = {49},
	Pages = {512-519},
	Title = {A new look at the homogeneous risk model},
	Year = {2011}}

@article{8,
	Author = {J.Y.Dauxois and P. Druillet and D.Pommeret},
	Date-Added = {2015-04-29 12:55:37 +0000},
	Date-Modified = {2015-04-29 12:55:37 +0000},
	Journal = {Sociedad de Estatistica e Investigation Operativa},
	Keywords = {Jeffreys-Lindley paradox, natural exponential family, overdispersion, Sibship data, variance function},
	Number = {2},
	Pages = {423-432},
	Title = {A bayesian choice between Poisson, Binomial and Negative Binomial Model},
	Volume = {15},
	Year = {2006},
	Bdsk-File-1 = {YnBsaXN0MDDUAQIDBAUGJCVYJHZlcnNpb25YJG9iamVjdHNZJGFyY2hpdmVyVCR0b3ASAAGGoKgHCBMUFRYaIVUkbnVsbNMJCgsMDxJXTlMua2V5c1pOUy5vYmplY3RzViRjbGFzc6INDoACgAOiEBGABIAFgAdccmVsYXRpdmVQYXRoWWFsaWFzRGF0YV8QJS4uLy4uLy4uL0Rvd25sb2Fkcy9EYXV4b2lEcnVpbGhldC5wZGbSFwsYGVdOUy5kYXRhTxEBnAAAAAABnAACAAAMTWFjaW50b3NoIEhEAAAAAAAAAAAAAAAAAAAAy2n7f0grAAAABdiOEkRhdXhvaURydWlsaGV0LnBkZgAAAAAAAAAAAAAAAAAAAAAAAAAAAAAAAAAAAAAAAAAAAAAAAAAAAAAAAAAAAAAF2NbLf9/8AAAAAAAAAAAAAwACAAAJIAAAAAAAAAAAAAAAAAAAAAlEb3dubG9hZHMAABAACAAAy2ntbwAAABEACAAAy3/R7AAAAAEADAAF2I4ABdScAAC5VwACAEBNYWNpbnRvc2ggSEQ6VXNlcnM6AHBpZXJyZW9saXZpZXI6AERvd25sb2FkczoARGF1eG9pRHJ1aWxoZXQucGRmAA4AJgASAEQAYQB1AHgAbwBpAEQAcgB1AGkAbABoAGUAdAAuAHAAZABmAA8AGgAMAE0AYQBjAGkAbgB0AG8AcwBoACAASABEABIAMFVzZXJzL3BpZXJyZW9saXZpZXIvRG93bmxvYWRzL0RhdXhvaURydWlsaGV0LnBkZgATAAEvAAAVAAIAFP//AACABtIbHB0eWiRjbGFzc25hbWVYJGNsYXNzZXNdTlNNdXRhYmxlRGF0YaMdHyBWTlNEYXRhWE5TT2JqZWN00hscIiNcTlNEaWN0aW9uYXJ5oiIgXxAPTlNLZXllZEFyY2hpdmVy0SYnVHJvb3SAAQAIABEAGgAjAC0AMgA3AEAARgBNAFUAYABnAGoAbABuAHEAcwB1AHcAhACOALYAuwDDAmMCZQJqAnUCfgKMApAClwKgAqUCsgK1AscCygLPAAAAAAAAAgEAAAAAAAAAKAAAAAAAAAAAAAAAAAAAAtE=}}

@article{9,
	Author = {B. Pradhan and D. Kundu},
	Date-Added = {2015-04-29 12:55:37 +0000},
	Date-Modified = {2015-04-29 12:55:37 +0000},
	Journal = {Computational Statistics and Data Analysis},
	Keywords = {Likelihood ratio; asymptotic distribution; Bayes Factor; model selection; probability of correct selection},
	Title = {A choice between Poisson and geometric distribution},
	Bdsk-File-1 = {YnBsaXN0MDDUAQIDBAUGJCVYJHZlcnNpb25YJG9iamVjdHNZJGFyY2hpdmVyVCR0b3ASAAGGoKgHCBMUFRYaIVUkbnVsbNMJCgsMDxJXTlMua2V5c1pOUy5vYmplY3RzViRjbGFzc6INDoACgAOiEBGABIAFgAdccmVsYXRpdmVQYXRoWWFsaWFzRGF0YV8QIC4uLy4uLy4uL0Rvd25sb2Fkcy9DU0RBLTIwMTEucGRm0hcLGBlXTlMuZGF0YU8RAYoAAAAAAYoAAgAADE1hY2ludG9zaCBIRAAAAAAAAAAAAAAAAAAAAMtp+39IKwAAAAXYjg1DU0RBLTIwMTEucGRmAAAAAAAAAAAAAAAAAAAAAAAAAAAAAAAAAAAAAAAAAAAAAAAAAAAAAAAAAAAAAAAAAAAABdjSy4fs0wAAAAAAAAAAAAMAAgAACSAAAAAAAAAAAAAAAAAAAAAJRG93bmxvYWRzAAAQAAgAAMtp7W8AAAARAAgAAMuH3sMAAAABAAwABdiOAAXUnAAAuVcAAgA7TWFjaW50b3NoIEhEOlVzZXJzOgBwaWVycmVvbGl2aWVyOgBEb3dubG9hZHM6AENTREEtMjAxMS5wZGYAAA4AHAANAEMAUwBEAEEALQAyADAAMQAxAC4AcABkAGYADwAaAAwATQBhAGMAaQBuAHQAbwBzAGgAIABIAEQAEgArVXNlcnMvcGllcnJlb2xpdmllci9Eb3dubG9hZHMvQ1NEQS0yMDExLnBkZgAAEwABLwAAFQACABT//wAAgAbSGxwdHlokY2xhc3NuYW1lWCRjbGFzc2VzXU5TTXV0YWJsZURhdGGjHR8gVk5TRGF0YVhOU09iamVjdNIbHCIjXE5TRGljdGlvbmFyeaIiIF8QD05TS2V5ZWRBcmNoaXZlctEmJ1Ryb290gAEACAARABoAIwAtADIANwBAAEYATQBVAGAAZwBqAGwAbgBxAHMAdQB3AIQAjgCxALYAvgJMAk4CUwJeAmcCdQJ5AoACiQKOApsCngKwArMCuAAAAAAAAAIBAAAAAAAAACgAAAAAAAAAAAAAAAAAAAK6}}

@article{10,
	Author = {Robert, C. P.},
	Date-Added = {2015-04-29 12:55:37 +0000},
	Date-Modified = {2015-04-29 12:55:37 +0000},
	Journal = {Springer Text in Statistics. Springer-Verlag},
	Title = {The Bayesian choice: From Decision-Theoric Foundation to Computational Implementation},
	Year = {2001},
	Bdsk-File-1 = {YnBsaXN0MDDUAQIDBAUGJCVYJHZlcnNpb25YJG9iamVjdHNZJGFyY2hpdmVyVCR0b3ASAAGGoKgHCBMUFRYaIVUkbnVsbNMJCgsMDxJXTlMua2V5c1pOUy5vYmplY3RzViRjbGFzc6INDoACgAOiEBGABIAFgAdccmVsYXRpdmVQYXRoWWFsaWFzRGF0YV8QUS4uLy4uLy4uL0Rvd25sb2Fkcy9Sb2JlcnQgQy4gVGhlIEJheWVzaWFuIENob2ljZSAoU3ByaW5nZXIsIDIwMDcpKDYxN3MpX01Wc2FfLnBkZtIXCxgZV05TLmRhdGFPEQIuAAAAAAIuAAIAAAxNYWNpbnRvc2ggSEQAAAAAAAAAAAAAAAAAAADLaft/SCsAAAAF2I4fUm9iZXJ0IEMuIFRoZSBCYXllc2lhIzVEOTNFLnBkZgAAAAAAAAAAAAAAAAAAAAAAAAAAAAAAAAAAAAAAAAAAAAXZPsuV96sAAAAAAAAAAAADAAIAAAkgAAAAAAAAAAAAAAAAAAAACURvd25sb2FkcwAAEAAIAADLae1vAAAAEQAIAADLlduLAAAAAQAMAAXYjgAF1JwAALlXAAIATU1hY2ludG9zaCBIRDpVc2VyczoAcGllcnJlb2xpdmllcjoARG93bmxvYWRzOgBSb2JlcnQgQy4gVGhlIEJheWVzaWEjNUQ5M0UucGRmAAAOAH4APgBSAG8AYgBlAHIAdAAgAEMALgAgAFQAaABlACAAQgBhAHkAZQBzAGkAYQBuACAAQwBoAG8AaQBjAGUAIAAoAFMAcAByAGkAbgBnAGUAcgAsACAAMgAwADAANwApACgANgAxADcAcwApAF8ATQBWAHMAYQBfAC4AcABkAGYADwAaAAwATQBhAGMAaQBuAHQAbwBzAGgAIABIAEQAEgBcVXNlcnMvcGllcnJlb2xpdmllci9Eb3dubG9hZHMvUm9iZXJ0IEMuIFRoZSBCYXllc2lhbiBDaG9pY2UgKFNwcmluZ2VyLCAyMDA3KSg2MTdzKV9NVnNhXy5wZGYAEwABLwAAFQACABT//wAAgAbSGxwdHlokY2xhc3NuYW1lWCRjbGFzc2VzXU5TTXV0YWJsZURhdGGjHR8gVk5TRGF0YVhOU09iamVjdNIbHCIjXE5TRGljdGlvbmFyeaIiIF8QD05TS2V5ZWRBcmNoaXZlctEmJ1Ryb290gAEACAARABoAIwAtADIANwBAAEYATQBVAGAAZwBqAGwAbgBxAHMAdQB3AIQAjgDiAOcA7wMhAyMDKAMzAzwDSgNOA1UDXgNjA3ADcwOFA4gDjQAAAAAAAAIBAAAAAAAAACgAAAAAAAAAAAAAAAAAAAOP}}

@article{11,
	Author = {Kass, R.E. and Raftery, A.},
	Date-Added = {2015-04-29 12:55:37 +0000},
	Date-Modified = {2015-04-29 12:55:37 +0000},
	Journal = {Journal of the American Statistical Association},
	Pages = {769-781},
	Title = {"Bayes Factor"},
	Volume = {90},
	Year = {1995},
	Bdsk-File-1 = {YnBsaXN0MDDUAQIDBAUGJCVYJHZlcnNpb25YJG9iamVjdHNZJGFyY2hpdmVyVCR0b3ASAAGGoKgHCBMUFRYaIVUkbnVsbNMJCgsMDxJXTlMua2V5c1pOUy5vYmplY3RzViRjbGFzc6INDoACgAOiEBGABIAFgAdccmVsYXRpdmVQYXRoWWFsaWFzRGF0YV8QHi4uLy4uLy4uL0Rvd25sb2Fkcy8yMjkxMDkxLnBkZtIXCxgZV05TLmRhdGFPEQGCAAAAAAGCAAIAAAxNYWNpbnRvc2ggSEQAAAAAAAAAAAAAAAAAAADLaft/SCsAAAAF2I4LMjI5MTA5MS5wZGYAAAAAAAAAAAAAAAAAAAAAAAAAAAAAAAAAAAAAAAAAAAAAAAAAAAAAAAAAAAAAAAAAAAAAAAXYrMuV+w0AAAAAAAAAAAADAAIAAAkgAAAAAAAAAAAAAAAAAAAACURvd25sb2FkcwAAEAAIAADLae1vAAAAEQAIAADLld7tAAAAAQAMAAXYjgAF1JwAALlXAAIAOU1hY2ludG9zaCBIRDpVc2VyczoAcGllcnJlb2xpdmllcjoARG93bmxvYWRzOgAyMjkxMDkxLnBkZgAADgAYAAsAMgAyADkAMQAwADkAMQAuAHAAZABmAA8AGgAMAE0AYQBjAGkAbgB0AG8AcwBoACAASABEABIAKVVzZXJzL3BpZXJyZW9saXZpZXIvRG93bmxvYWRzLzIyOTEwOTEucGRmAAATAAEvAAAVAAIAFP//AACABtIbHB0eWiRjbGFzc25hbWVYJGNsYXNzZXNdTlNNdXRhYmxlRGF0YaMdHyBWTlNEYXRhWE5TT2JqZWN00hscIiNcTlNEaWN0aW9uYXJ5oiIgXxAPTlNLZXllZEFyY2hpdmVy0SYnVHJvb3SAAQAIABEAGgAjAC0AMgA3AEAARgBNAFUAYABnAGoAbABuAHEAcwB1AHcAhACOAK8AtAC8AkICRAJJAlQCXQJrAm8CdgJ/AoQCkQKUAqYCqQKuAAAAAAAAAgEAAAAAAAAAKAAAAAAAAAAAAAAAAAAAArA=}}

@article{12,
	Author = {VU, H.T.V. and Maller, R.A},
	Date-Added = {2015-04-29 12:55:37 +0000},
	Date-Modified = {2015-04-29 12:55:37 +0000},
	Journal = {Journal of the American Statistical Association},
	Number = {818-824},
	Title = {The likelihood ratio test for Poisson versus Binomial distributions},
	Volume = {91},
	Year = {1996},
	Bdsk-File-1 = {YnBsaXN0MDDUAQIDBAUGJCVYJHZlcnNpb25YJG9iamVjdHNZJGFyY2hpdmVyVCR0b3ASAAGGoKgHCBMUFRYaIVUkbnVsbNMJCgsMDxJXTlMua2V5c1pOUy5vYmplY3RzViRjbGFzc6INDoACgAOiEBGABIAFgAdccmVsYXRpdmVQYXRoWWFsaWFzRGF0YV8QHi4uLy4uLy4uL0Rvd25sb2Fkcy8yMjkxNjc2LnBkZtIXCxgZV05TLmRhdGFPEQGCAAAAAAGCAAIAAAxNYWNpbnRvc2ggSEQAAAAAAAAAAAAAAAAAAADLaft/SCsAAAAF2I4LMjI5MTY3Ni5wZGYAAAAAAAAAAAAAAAAAAAAAAAAAAAAAAAAAAAAAAAAAAAAAAAAAAAAAAAAAAAAAAAAAAAAAAAXYrcuWD1cAAAAAAAAAAAADAAIAAAkgAAAAAAAAAAAAAAAAAAAACURvd25sb2FkcwAAEAAIAADLae1vAAAAEQAIAADLlfM3AAAAAQAMAAXYjgAF1JwAALlXAAIAOU1hY2ludG9zaCBIRDpVc2VyczoAcGllcnJlb2xpdmllcjoARG93bmxvYWRzOgAyMjkxNjc2LnBkZgAADgAYAAsAMgAyADkAMQA2ADcANgAuAHAAZABmAA8AGgAMAE0AYQBjAGkAbgB0AG8AcwBoACAASABEABIAKVVzZXJzL3BpZXJyZW9saXZpZXIvRG93bmxvYWRzLzIyOTE2NzYucGRmAAATAAEvAAAVAAIAFP//AACABtIbHB0eWiRjbGFzc25hbWVYJGNsYXNzZXNdTlNNdXRhYmxlRGF0YaMdHyBWTlNEYXRhWE5TT2JqZWN00hscIiNcTlNEaWN0aW9uYXJ5oiIgXxAPTlNLZXllZEFyY2hpdmVy0SYnVHJvb3SAAQAIABEAGgAjAC0AMgA3AEAARgBNAFUAYABnAGoAbABuAHEAcwB1AHcAhACOAK8AtAC8AkICRAJJAlQCXQJrAm8CdgJ/AoQCkQKUAqYCqQKuAAAAAAAAAgEAAAAAAAAAKAAAAAAAAAAAAAAAAAAAArA=}}

@article{13,
	Author = {R. Kaas and M. Vanneste and M.J. Goovaerts},
	Date-Added = {2015-04-29 12:55:37 +0000},
	Date-Modified = {2015-04-29 12:55:37 +0000},
	Journal = {Astin Bulletin},
	Number = {2},
	Title = {Maximising compound Poisson Stop-Loss Premiums numerically with given mean and variance},
	Volume = {22},
	Year = {1992},
	Bdsk-File-1 = {YnBsaXN0MDDUAQIDBAUGJCVYJHZlcnNpb25YJG9iamVjdHNZJGFyY2hpdmVyVCR0b3ASAAGGoKgHCBMUFRYaIVUkbnVsbNMJCgsMDxJXTlMua2V5c1pOUy5vYmplY3RzViRjbGFzc6INDoACgAOiEBGABIAFgAdccmVsYXRpdmVQYXRoWWFsaWFzRGF0YV8QIS4uLy4uLy4uL0Rvd25sb2Fkcy9QZWV0ZXJzKDEpLnBkZtIXCxgZV05TLmRhdGFPEQGMAAAAAAGMAAIAAAxNYWNpbnRvc2ggSEQAAAAAAAAAAAAAAAAAAADLaft/SCsAAAAF2I4OUGVldGVycygxKS5wZGYAAAAAAAAAAAAAAAAAAAAAAAAAAAAAAAAAAAAAAAAAAAAAAAAAAAAAAAAAAAAAAAAAAAXZJ8uYm1UAAAAAAAAAAAADAAIAAAkgAAAAAAAAAAAAAAAAAAAACURvd25sb2FkcwAAEAAIAADLae1vAAAAEQAIAADLmH81AAAAAQAMAAXYjgAF1JwAALlXAAIAPE1hY2ludG9zaCBIRDpVc2VyczoAcGllcnJlb2xpdmllcjoARG93bmxvYWRzOgBQZWV0ZXJzKDEpLnBkZgAOAB4ADgBQAGUAZQB0AGUAcgBzACgAMQApAC4AcABkAGYADwAaAAwATQBhAGMAaQBuAHQAbwBzAGgAIABIAEQAEgAsVXNlcnMvcGllcnJlb2xpdmllci9Eb3dubG9hZHMvUGVldGVycygxKS5wZGYAEwABLwAAFQACABT//wAAgAbSGxwdHlokY2xhc3NuYW1lWCRjbGFzc2VzXU5TTXV0YWJsZURhdGGjHR8gVk5TRGF0YVhOU09iamVjdNIbHCIjXE5TRGljdGlvbmFyeaIiIF8QD05TS2V5ZWRBcmNoaXZlctEmJ1Ryb290gAEACAARABoAIwAtADIANwBAAEYATQBVAGAAZwBqAGwAbgBxAHMAdQB3AIQAjgCyALcAvwJPAlECVgJhAmoCeAJ8AoMCjAKRAp4CoQKzArYCuwAAAAAAAAIBAAAAAAAAACgAAAAAAAAAAAAAAAAAAAK9}}

@article{14,
	Author = {P. Bockett and M.J. Goovaerts and G. Taylor},
	Date-Added = {2015-04-29 12:55:37 +0000},
	Date-Modified = {2015-04-29 12:55:37 +0000},
	Journal = {Astin Bulletin},
	Number = {1},
	Title = {The Schmitter Problem},
	Volume = {21},
	Bdsk-File-1 = {YnBsaXN0MDDUAQIDBAUGJCVYJHZlcnNpb25YJG9iamVjdHNZJGFyY2hpdmVyVCR0b3ASAAGGoKgHCBMUFRYaIVUkbnVsbNMJCgsMDxJXTlMua2V5c1pOUy5vYmplY3RzViRjbGFzc6INDoACgAOiEBGABIAFgAdccmVsYXRpdmVQYXRoWWFsaWFzRGF0YV8QHi4uLy4uLy4uL0Rvd25sb2Fkcy9QZWV0ZXJzLnBkZtIXCxgZV05TLmRhdGFPEQGCAAAAAAGCAAIAAAxNYWNpbnRvc2ggSEQAAAAAAAAAAAAAAAAAAADLaft/SCsAAAAF2I4LUGVldGVycy5wZGYAAAAAAAAAAAAAAAAAAAAAAAAAAAAAAAAAAAAAAAAAAAAAAAAAAAAAAAAAAAAAAAAAAAAAAAXZKMuYmS4AAAAAAAAAAAADAAIAAAkgAAAAAAAAAAAAAAAAAAAACURvd25sb2FkcwAAEAAIAADLae1vAAAAEQAIAADLmH0OAAAAAQAMAAXYjgAF1JwAALlXAAIAOU1hY2ludG9zaCBIRDpVc2VyczoAcGllcnJlb2xpdmllcjoARG93bmxvYWRzOgBQZWV0ZXJzLnBkZgAADgAYAAsAUABlAGUAdABlAHIAcwAuAHAAZABmAA8AGgAMAE0AYQBjAGkAbgB0AG8AcwBoACAASABEABIAKVVzZXJzL3BpZXJyZW9saXZpZXIvRG93bmxvYWRzL1BlZXRlcnMucGRmAAATAAEvAAAVAAIAFP//AACABtIbHB0eWiRjbGFzc25hbWVYJGNsYXNzZXNdTlNNdXRhYmxlRGF0YaMdHyBWTlNEYXRhWE5TT2JqZWN00hscIiNcTlNEaWN0aW9uYXJ5oiIgXxAPTlNLZXllZEFyY2hpdmVy0SYnVHJvb3SAAQAIABEAGgAjAC0AMgA3AEAARgBNAFUAYABnAGoAbABuAHEAcwB1AHcAhACOAK8AtAC8AkICRAJJAlQCXQJrAm8CdgJ/AoQCkQKUAqYCqQKuAAAAAAAAAgEAAAAAAAAAKAAAAAAAAAAAAAAAAAAAArA=}}

@article{15,
	Author = {E.S.W Shiu},
	Date-Added = {2015-04-29 12:55:37 +0000},
	Date-Modified = {2015-04-29 12:55:37 +0000},
	Journal = {Astin Bulletin},
	Keywords = {Compound binomial process; Probability of eventual ruin; Ultimate ruin probability; Infinite-time ruin probability; Risk theory; Random walk; Gambler's ruin; Lagrange series},
	Number = {2},
	Title = {The probability of eventual ruin in the compound binomial model},
	Volume = {19},
	Bdsk-File-1 = {YnBsaXN0MDDUAQIDBAUGJCVYJHZlcnNpb25YJG9iamVjdHNZJGFyY2hpdmVyVCR0b3ASAAGGoKgHCBMUFRYaIVUkbnVsbNMJCgsMDxJXTlMua2V5c1pOUy5vYmplY3RzViRjbGFzc6INDoACgAOiEBGABIAFgAdccmVsYXRpdmVQYXRoWWFsaWFzRGF0YV8QHy4uLy4uLy4uL0Rvd25sb2Fkcy92b2wxOW5vMi5wZGbSFwsYGVdOUy5kYXRhTxEBhAAAAAABhAACAAAMTWFjaW50b3NoIEhEAAAAAAAAAAAAAAAAAAAAy2n7f0grAAAABdiODHZvbDE5bm8yLnBkZgAAAAAAAAAAAAAAAAAAAAAAAAAAAAAAAAAAAAAAAAAAAAAAAAAAAAAAAAAAAAAAAAAAAAAF2VrLmJu8AAAAAAAAAAAAAwACAAAJIAAAAAAAAAAAAAAAAAAAAAlEb3dubG9hZHMAABAACAAAy2ntbwAAABEACAAAy5h/nAAAAAEADAAF2I4ABdScAAC5VwACADpNYWNpbnRvc2ggSEQ6VXNlcnM6AHBpZXJyZW9saXZpZXI6AERvd25sb2FkczoAdm9sMTlubzIucGRmAA4AGgAMAHYAbwBsADEAOQBuAG8AMgAuAHAAZABmAA8AGgAMAE0AYQBjAGkAbgB0AG8AcwBoACAASABEABIAKlVzZXJzL3BpZXJyZW9saXZpZXIvRG93bmxvYWRzL3ZvbDE5bm8yLnBkZgATAAEvAAAVAAIAFP//AACABtIbHB0eWiRjbGFzc25hbWVYJGNsYXNzZXNdTlNNdXRhYmxlRGF0YaMdHyBWTlNEYXRhWE5TT2JqZWN00hscIiNcTlNEaWN0aW9uYXJ5oiIgXxAPTlNLZXllZEFyY2hpdmVy0SYnVHJvb3SAAQAIABEAGgAjAC0AMgA3AEAARgBNAFUAYABnAGoAbABuAHEAcwB1AHcAhACOALAAtQC9AkUCRwJMAlcCYAJuAnICeQKCAocClAKXAqkCrAKxAAAAAAAAAgEAAAAAAAAAKAAAAAAAAAAAAAAAAAAAArM=}}

@article{16,
	Author = {G.E. Willmot},
	Date-Added = {2015-04-29 12:55:37 +0000},
	Date-Modified = {2015-04-29 12:55:37 +0000},
	Journal = {Insurance: Mathematics and Economics},
	Keywords = {Compound binomial; Ruin probabilities; Lagrange's expansion; Generating function; Random walk; Gambler's ruin; compound geometric; Mixed Poisson distribution.},
	Pages = {133-142},
	Title = {Ruin probability in the compound binomial model},
	Year = {1992},
	Bdsk-File-1 = {YnBsaXN0MDDUAQIDBAUGJCVYJHZlcnNpb25YJG9iamVjdHNZJGFyY2hpdmVyVCR0b3ASAAGGoKgHCBMUFRYaIVUkbnVsbNMJCgsMDxJXTlMua2V5c1pOUy5vYmplY3RzViRjbGFzc6INDoACgAOiEBGABIAFgAdccmVsYXRpdmVQYXRoWWFsaWFzRGF0YV8QNi4uLy4uLy4uL0Rvd25sb2Fkcy8xLXMyLjAtMDE2NzY2ODc5MzkwODIzOC1tYWluKDIpLnBkZtIXCxgZV05TLmRhdGFPEQHeAAAAAAHeAAIAAAxNYWNpbnRvc2ggSEQAAAAAAAAAAAAAAAAAAADLaft/SCsAAAAF2I4fMS1zMi4wLTAxNjc2Njg3OTM5MDgyIzVEODk0LnBkZgAAAAAAAAAAAAAAAAAAAAAAAAAAAAAAAAAAAAAAAAAAAAXYlMubijkAAAAAAAAAAAADAAIAAAkgAAAAAAAAAAAAAAAAAAAACURvd25sb2FkcwAAEAAIAADLae1vAAAAEQAIAADLm24ZAAAAAQAMAAXYjgAF1JwAALlXAAIATU1hY2ludG9zaCBIRDpVc2VyczoAcGllcnJlb2xpdmllcjoARG93bmxvYWRzOgAxLXMyLjAtMDE2NzY2ODc5MzkwODIjNUQ4OTQucGRmAAAOAEgAIwAxAC0AcwAyAC4AMAAtADAAMQA2ADcANgA2ADgANwA5ADMAOQAwADgAMgAzADgALQBtAGEAaQBuACgAMgApAC4AcABkAGYADwAaAAwATQBhAGMAaQBuAHQAbwBzAGgAIABIAEQAEgBBVXNlcnMvcGllcnJlb2xpdmllci9Eb3dubG9hZHMvMS1zMi4wLTAxNjc2Njg3OTM5MDgyMzgtbWFpbigyKS5wZGYAABMAAS8AABUAAgAU//8AAIAG0hscHR5aJGNsYXNzbmFtZVgkY2xhc3Nlc11OU011dGFibGVEYXRhox0fIFZOU0RhdGFYTlNPYmplY3TSGxwiI1xOU0RpY3Rpb25hcnmiIiBfEA9OU0tleWVkQXJjaGl2ZXLRJidUcm9vdIABAAgAEQAaACMALQAyADcAQABGAE0AVQBgAGcAagBsAG4AcQBzAHUAdwCEAI4AxwDMANQCtgK4Ar0CyALRAt8C4wLqAvMC+AMFAwgDGgMdAyIAAAAAAAACAQAAAAAAAAAoAAAAAAAAAAAAAAAAAAADJA==}}

@article{17,
	Author = {R. Kaas},
	Date-Added = {2015-04-29 12:55:37 +0000},
	Date-Modified = {2015-04-29 12:55:37 +0000},
	Journal = {Astin Bulletin},
	Title = {The schmitter problem and a related problem: A partial solution},
	Bdsk-File-1 = {YnBsaXN0MDDUAQIDBAUGJCVYJHZlcnNpb25YJG9iamVjdHNZJGFyY2hpdmVyVCR0b3ASAAGGoKgHCBMUFRYaIVUkbnVsbNMJCgsMDxJXTlMua2V5c1pOUy5vYmplY3RzViRjbGFzc6INDoACgAOiEBGABIAFgAdccmVsYXRpdmVQYXRoWWFsaWFzRGF0YV8QGi4uLy4uLy4uL0Rvd25sb2Fkcy8xMzMucGRm0hcLGBlXTlMuZGF0YU8RAXIAAAAAAXIAAgAADE1hY2ludG9zaCBIRAAAAAAAAAAAAAAAAAAAAMtp+39IKwAAAAXYjgcxMzMucGRmAAAAAAAAAAAAAAAAAAAAAAAAAAAAAAAAAAAAAAAAAAAAAAAAAAAAAAAAAAAAAAAAAAAAAAAAAAAABdicy5s60QAAAAAAAAAAAAMAAgAACSAAAAAAAAAAAAAAAAAAAAAJRG93bmxvYWRzAAAQAAgAAMtp7W8AAAARAAgAAMubHrEAAAABAAwABdiOAAXUnAAAuVcAAgA1TWFjaW50b3NoIEhEOlVzZXJzOgBwaWVycmVvbGl2aWVyOgBEb3dubG9hZHM6ADEzMy5wZGYAAA4AEAAHADEAMwAzAC4AcABkAGYADwAaAAwATQBhAGMAaQBuAHQAbwBzAGgAIABIAEQAEgAlVXNlcnMvcGllcnJlb2xpdmllci9Eb3dubG9hZHMvMTMzLnBkZgAAEwABLwAAFQACABT//wAAgAbSGxwdHlokY2xhc3NuYW1lWCRjbGFzc2VzXU5TTXV0YWJsZURhdGGjHR8gVk5TRGF0YVhOU09iamVjdNIbHCIjXE5TRGljdGlvbmFyeaIiIF8QD05TS2V5ZWRBcmNoaXZlctEmJ1Ryb290gAEACAARABoAIwAtADIANwBAAEYATQBVAGAAZwBqAGwAbgBxAHMAdQB3AIQAjgCrALAAuAIuAjACNQJAAkkCVwJbAmICawJwAn0CgAKSApUCmgAAAAAAAAIBAAAAAAAAACgAAAAAAAAAAAAAAAAAAAKc}}

@article{18,
	Author = {W. H{\"u}rlimann},
	Date-Added = {2015-04-29 12:55:37 +0000},
	Date-Modified = {2015-04-29 12:55:37 +0000},
	Journal = {Elemente der Mathematik},
	Pages = {152-168},
	Title = {Fonction extr{\`e}males et gain financier},
	Volume = {52},
	Year = {1997},
	Bdsk-File-1 = {YnBsaXN0MDDUAQIDBAUGJCVYJHZlcnNpb25YJG9iamVjdHNZJGFyY2hpdmVyVCR0b3ASAAGGoKgHCBMUFRYaIVUkbnVsbNMJCgsMDxJXTlMua2V5c1pOUy5vYmplY3RzViRjbGFzc6INDoACgAOiEBGABIAFgAdccmVsYXRpdmVQYXRoWWFsaWFzRGF0YV8QIC4uLy4uLy4uL0Rvd25sb2Fkcy9IdXJsaW1hbm4ucGRm0hcLGBlXTlMuZGF0YU8RAYoAAAAAAYoAAgAADE1hY2ludG9zaCBIRAAAAAAAAAAAAAAAAAAAAMtp+39IKwAAAAXYjg1IdXJsaW1hbm4ucGRmAAAAAAAAAAAAAAAAAAAAAAAAAAAAAAAAAAAAAAAAAAAAAAAAAAAAAAAAAAAAAAAAAAAABdj/y5s7UwAAAAAAAAAAAAMAAgAACSAAAAAAAAAAAAAAAAAAAAAJRG93bmxvYWRzAAAQAAgAAMtp7W8AAAARAAgAAMubHzMAAAABAAwABdiOAAXUnAAAuVcAAgA7TWFjaW50b3NoIEhEOlVzZXJzOgBwaWVycmVvbGl2aWVyOgBEb3dubG9hZHM6AEh1cmxpbWFubi5wZGYAAA4AHAANAEgAdQByAGwAaQBtAGEAbgBuAC4AcABkAGYADwAaAAwATQBhAGMAaQBuAHQAbwBzAGgAIABIAEQAEgArVXNlcnMvcGllcnJlb2xpdmllci9Eb3dubG9hZHMvSHVybGltYW5uLnBkZgAAEwABLwAAFQACABT//wAAgAbSGxwdHlokY2xhc3NuYW1lWCRjbGFzc2VzXU5TTXV0YWJsZURhdGGjHR8gVk5TRGF0YVhOU09iamVjdNIbHCIjXE5TRGljdGlvbmFyeaIiIF8QD05TS2V5ZWRBcmNoaXZlctEmJ1Ryb290gAEACAARABoAIwAtADIANwBAAEYATQBVAGAAZwBqAGwAbgBxAHMAdQB3AIQAjgCxALYAvgJMAk4CUwJeAmcCdQJ5AoACiQKOApsCngKwArMCuAAAAAAAAAIBAAAAAAAAACgAAAAAAAAAAAAAAAAAAAK6}}

@phdthesis{20,
	Address = {Tartu},
	Author = {Ants Kaasik},
	Date-Added = {2015-04-29 12:55:37 +0000},
	Date-Modified = {2015-04-29 12:55:37 +0000},
	School = {Institute of mathematical statistics, Faculty of mathematics and Computer science, University of Tartu},
	Title = {Estimating ruin probabilities in the {C}ram{\'e}r-{L}undberg model with heavy-tailed claims},
	Year = {2009},
	Bdsk-File-1 = {YnBsaXN0MDDUAQIDBAUGJCVYJHZlcnNpb25YJG9iamVjdHNZJGFyY2hpdmVyVCR0b3ASAAGGoKgHCBMUFRYaIVUkbnVsbNMJCgsMDxJXTlMua2V5c1pOUy5vYmplY3RzViRjbGFzc6INDoACgAOiEBGABIAFgAdccmVsYXRpdmVQYXRoWWFsaWFzRGF0YV8QNi4uLy4uLy4uL0Rvd25sb2Fkcy9UaGVzZUludGVncmF0ZWRUYWlsRGlzdHJpYnV0aW9uLnBkZtIXCxgZV05TLmRhdGFPEQHeAAAAAAHeAAIAAAxNYWNpbnRvc2ggSEQAAAAAAAAAAAAAAAAAAADLaft/SCsAAAAF2I4fVGhlc2VJbnRlZ3JhdGVkVGFpbERpIzVEOTU1LnBkZgAAAAAAAAAAAAAAAAAAAAAAAAAAAAAAAAAAAAAAAAAAAAXZVcyA2V8AAAAAAAAAAAADAAIAAAkgAAAAAAAAAAAAAAAAAAAACURvd25sb2FkcwAAEAAIAADLae1vAAAAEQAIAADMgL0/AAAAAQAMAAXYjgAF1JwAALlXAAIATU1hY2ludG9zaCBIRDpVc2VyczoAcGllcnJlb2xpdmllcjoARG93bmxvYWRzOgBUaGVzZUludGVncmF0ZWRUYWlsRGkjNUQ5NTUucGRmAAAOAEgAIwBUAGgAZQBzAGUASQBuAHQAZQBnAHIAYQB0AGUAZABUAGEAaQBsAEQAaQBzAHQAcgBpAGIAdQB0AGkAbwBuAC4AcABkAGYADwAaAAwATQBhAGMAaQBuAHQAbwBzAGgAIABIAEQAEgBBVXNlcnMvcGllcnJlb2xpdmllci9Eb3dubG9hZHMvVGhlc2VJbnRlZ3JhdGVkVGFpbERpc3RyaWJ1dGlvbi5wZGYAABMAAS8AABUAAgAU//8AAIAG0hscHR5aJGNsYXNzbmFtZVgkY2xhc3Nlc11OU011dGFibGVEYXRhox0fIFZOU0RhdGFYTlNPYmplY3TSGxwiI1xOU0RpY3Rpb25hcnmiIiBfEA9OU0tleWVkQXJjaGl2ZXLRJidUcm9vdIABAAgAEQAaACMALQAyADcAQABGAE0AVQBgAGcAagBsAG4AcQBzAHUAdwCEAI4AxwDMANQCtgK4Ar0CyALRAt8C4wLqAvMC+AMFAwgDGgMdAyIAAAAAAAACAQAAAAAAAAAoAAAAAAAAAAAAAAAAAAADJA==}}

@article{21,
	Author = {Pier Luigi Conti and Esterina Masiello},
	Date-Added = {2015-04-29 12:55:37 +0000},
	Date-Modified = {2015-04-29 12:55:37 +0000},
	Journal = {Springer},
	Keywords = {Poisson risk model, Probability of ruin, Nonparametric estimation, asymptotics, Heavy-tailed distribution},
	Month = {November},
	Title = {Nonparametric statistical analysis of an upper bound of the ruin probability under large claims},
	Year = {2009},
	Bdsk-File-1 = {YnBsaXN0MDDUAQIDBAUGJCVYJHZlcnNpb25YJG9iamVjdHNZJGFyY2hpdmVyVCR0b3ASAAGGoKgHCBMUFRYaIVUkbnVsbNMJCgsMDxJXTlMua2V5c1pOUy5vYmplY3RzViRjbGFzc6INDoACgAOiEBGABIAFgAdccmVsYXRpdmVQYXRoWWFsaWFzRGF0YV8QIi4uLy4uLy4uL0Rvd25sb2Fkcy9mdWxsdGV4dCgyKS5wZGbSFwsYGVdOUy5kYXRhTxEBkgAAAAABkgACAAAMTWFjaW50b3NoIEhEAAAAAAAAAAAAAAAAAAAAy2n7f0grAAAABdiOD2Z1bGx0ZXh0KDIpLnBkZgAAAAAAAAAAAAAAAAAAAAAAAAAAAAAAAAAAAAAAAAAAAAAAAAAAAAAAAAAAAAAAAAAF2PfMgN0yAAAAAAAAAAAAAwACAAAJIAAAAAAAAAAAAAAAAAAAAAlEb3dubG9hZHMAABAACAAAy2ntbwAAABEACAAAzIDBEgAAAAEADAAF2I4ABdScAAC5VwACAD1NYWNpbnRvc2ggSEQ6VXNlcnM6AHBpZXJyZW9saXZpZXI6AERvd25sb2FkczoAZnVsbHRleHQoMikucGRmAAAOACAADwBmAHUAbABsAHQAZQB4AHQAKAAyACkALgBwAGQAZgAPABoADABNAGEAYwBpAG4AdABvAHMAaAAgAEgARAASAC1Vc2Vycy9waWVycmVvbGl2aWVyL0Rvd25sb2Fkcy9mdWxsdGV4dCgyKS5wZGYAABMAAS8AABUAAgAU//8AAIAG0hscHR5aJGNsYXNzbmFtZVgkY2xhc3Nlc11OU011dGFibGVEYXRhox0fIFZOU0RhdGFYTlNPYmplY3TSGxwiI1xOU0RpY3Rpb25hcnmiIiBfEA9OU0tleWVkQXJjaGl2ZXLRJidUcm9vdIABAAgAEQAaACMALQAyADcAQABGAE0AVQBgAGcAagBsAG4AcQBzAHUAdwCEAI4AswC4AMACVgJYAl0CaAJxAn8CgwKKApMCmAKlAqgCugK9AsIAAAAAAAACAQAAAAAAAAAoAAAAAAAAAAAAAAAAAAACxA==}}

@book{30,
	Author = {H. L. Seal},
	Date-Added = {2015-04-29 12:55:37 +0000},
	Date-Modified = {2015-04-29 12:55:37 +0000},
	Publisher = {Wiley},
	Title = {Stochastic theory of a risk business},
	Year = {1969}}

@article{31,
	Author = {H. L. Seal},
	Date-Added = {2015-04-29 12:55:37 +0000},
	Date-Modified = {2015-04-29 12:55:37 +0000},
	Journal = {Scandinavian Actuarial Journal},
	Pages = {121-139},
	Title = {The numerical calculation of {U}(w,t) the probability of non ruin in an interval (0,t)},
	Year = {1974}}

@article{32,
	Author = {F. Lundberg},
	Date-Added = {2015-04-29 12:55:37 +0000},
	Date-Modified = {2015-04-29 12:55:37 +0000},
	Journal = {F. Englunds Boktryckeri AB, Stockholm},
	Title = {F{\"o}rs{\"a}kringsteknisk Riskutj{\"a}mning},
	Year = {1926}}

@book{35,
	Address = {Homewood, IL},
	Author = {H. U. Gerber},
	Date-Added = {2015-04-29 12:55:37 +0000},
	Date-Modified = {2015-04-29 12:55:37 +0000},
	Publisher = {Huebner Foundation Monograph 8.},
	Title = {An introduction to Mathematical Risk Theory},
	Year = {1979}}

@book{36,
	Address = {New York},
	Author = {H. B{\"u}hlman},
	Date-Added = {2015-04-29 12:55:37 +0000},
	Date-Modified = {2015-04-29 12:55:37 +0000},
	Publisher = {Springer},
	Title = {Mathematical Methods in Risk Theory},
	Year = {1970}}

@article{40,
	Author = {DL. Jagerman},
	Date-Added = {2015-04-29 12:55:37 +0000},
	Date-Modified = {2015-04-29 12:55:37 +0000},
	Journal = {Bell System Technical Journal},
	Title = {An inversion technique for the {L}aplace transform with application to approximation},
	Year = {1978}}

@phdthesis{41,
	Address = {Tartu},
	Author = {A. Kaasik},
	Date-Added = {2015-04-29 12:55:37 +0000},
	Date-Modified = {2015-04-29 12:55:37 +0000},
	Month = {October},
	School = {University of Tartu},
	Title = {Estimating ruin probabilities in the {C}ram{\'e}r-Lundberg model with heavy-tailed claims},
	Type = {Mathematical statistics},
	Year = {2009}}

@article{43,
	Author = {P. Picard and C. Lef{\`e}vre},
	Date-Added = {2015-04-29 12:55:37 +0000},
	Date-Modified = {2015-04-29 12:55:37 +0000},
	Journal = {Scandinavian Actuarial Journal},
	Keywords = {First crossing;compound Poisson process upper increasing boundary; Generalized {A}ppel polynomials},
	Pages = {58-69},
	Title = {The probability of ruin in finite time with discrete claim size distribution},
	Volume = {lar},
	Year = {1997}}

@article{AbChWh95,
	Author = {J. Abate and G.L. Choudhury and W. Whitt},
	Date-Added = {2015-04-29 12:55:37 +0000},
	Date-Modified = {2015-04-29 12:55:37 +0000},
	Journal = {INFORMS Journal on Computing},
	Number = {4},
	Pages = {413-427},
	Title = {On the {L}aguerre method for numerically inverting {L}aplace transforms},
	Volume = {8},
	Year = {1995}}

@article{AbWh92,
	Author = {J. Abate and W. Whitt},
	Date-Added = {2015-04-29 12:55:37 +0000},
	Date-Modified = {2015-04-29 12:55:37 +0000},
	Journal = {Queueing Systems},
	Pages = {5-88},
	Title = {The {F}ourier-series method for inverting transforms of probability distributions.},
	Volume = {10},
	Year = {1992}}

@article{AlAvKo10,
	Author = {H. Albrecher and F. Avram and D. Kortschak},
	Date-Added = {2015-04-29 12:55:37 +0000},
	Date-Modified = {2015-04-29 12:55:37 +0000},
	Journal = {Journal of Computational and Applied Mathematics},
	Number = {10},
	Pages = {2724-2736},
	Title = {On the efficient evaluation of ruin probabilities for completely monotone claim distributions},
	Volume = {233},
	Year = {2010}}

@article{AlTeTi01,
	Author = {H. Albrecher and J. Teugels and R. Tichy},
	Date-Added = {2015-04-29 12:55:37 +0000},
	Date-Modified = {2015-04-29 12:55:37 +0000},
	Journal = {Insurance: Mathematics and Economics},
	Keywords = {Classical risk model; Ruin probabilities; Finite time interval; Real interest force},
	Number = {29},
	Pages = {345-355},
	Title = {On a gamma series expansion for the time dependent probability of collective ruin},
	Year = {2001}}

@book{AsAl10,
	Author = {S. Asmussen and H. Albrecher},
	Date-Added = {2015-04-29 12:55:37 +0000},
	Date-Modified = {2015-04-29 12:55:37 +0000},
	Publisher = {World Scientific},
	Rating = {5},
	Read = {0},
	Series = {Advanced Series on Statistical Science and Applied Probability},
	Title = {Ruin Probabilities},
	Volume = {14},
	Year = {2010}}

@article{AvChHo11,
	Author = {F. Avram and D.F. Chedom and A. Horvarth},
	Date-Added = {2015-04-29 12:55:37 +0000},
	Date-Modified = {2015-04-29 12:55:37 +0000},
	Journal = {Journal of Computational and Applied Mathematics},
	Number = {10},
	Pages = {321-3228},
	Title = {On moments based {P}ad{\'e} approximations of ruin probabilities},
	Volume = {235},
	Year = {2011}}

@book{Ba78,
	Author = {Barndorff-Nielsen, O.},
	Date-Added = {2015-04-29 12:55:37 +0000},
	Date-Modified = {2015-04-29 12:55:37 +0000},
	Publisher = {Wiley},
	Title = {Information and exponential Families in Statistical Theory},
	Year = {1978}}

@article{Be69,
	Author = {J.A. Beekman},
	Date-Added = {2015-04-29 12:55:37 +0000},
	Date-Modified = {2015-04-29 12:55:37 +0000},
	Journal = {Transaction of Society of Actuaries},
	Number = {59 AB},
	Pages = {41-48},
	Title = {Ruin function approximation},
	Volume = {21},
	Year = {1969}}

@article{Bo66,
	Author = {N.L. Bowers},
	Date-Added = {2015-04-29 12:55:37 +0000},
	Date-Modified = {2015-04-29 12:55:37 +0000},
	Journal = {Transaction of Society of Actuaries},
	Number = {52},
	Pages = {125-137},
	Title = {Expansion of probability density functions as a sum of gamma densities with applications in risk theory},
	Volume = {18},
	Year = {1966}}

@article{Di92,
	Author = {D. Dickson},
	Date-Added = {2015-04-29 12:55:37 +0000},
	Date-Modified = {2015-04-29 12:55:37 +0000},
	Journal = {Insurance: Mathematics and Economics},
	Number = {3},
	Pages = {191-207},
	Title = {On the distribution of the surplus prior to ruin},
	Volume = {11},
	Year = {1992}}

@article{Di95,
	Author = {D. C. M. Dickson},
	Date-Added = {2015-04-29 12:55:37 +0000},
	Date-Modified = {2015-04-29 12:55:37 +0000},
	Journal = {British Actuarial Journal},
	Keywords = {Collective Risk Model; Probability of ruin; Individual Risk Model},
	Month = {April},
	Number = {1},
	Pages = {107-124},
	Title = {A review of {P}anjer's recursion formula and it's applications},
	Volume = {1},
	Year = {1995}}

@article{EmFr09,
	Author = {P. Embrechts and M. Frei},
	Date-Added = {2015-04-29 12:55:37 +0000},
	Date-Modified = {2015-04-29 12:55:37 +0000},
	Journal = {Mathematical Methods of Operations Research},
	Month = {July},
	Pages = {497-508},
	Title = {{P}anjer recursion versus {F}{F}{T} for compound distribution},
	Volume = {69},
	Year = {2009}}

@article{EmGrPi93,
	Author = {P. Embrechts and P. Gr{\"u}bel and S. M. Pitts},
	Date-Added = {2015-04-29 12:55:37 +0000},
	Date-Modified = {2015-04-29 12:55:37 +0000},
	Journal = {Statistica Neerlandica},
	Keywords = {Fast {F}ourier transform; Compound Distribution; Sparre-Anderson medel; Richardson extrapolation},
	Month = {March.},
	Pages = {59-75},
	Title = {Some applications of the fast {F}ourier transform algorithm in insurance mathematics},
	Volume = {41},
	Year = {1993}}

@article{GeSh98,
	Author = {H. U. Gerber and E.S.W Shiu},
	Date-Added = {2015-04-29 12:55:37 +0000},
	Date-Modified = {2015-04-29 12:55:37 +0000},
	Journal = {North American Actuarial Journal},
	Number = {1},
	Pages = {48-72},
	Title = {On the time value of ruin},
	Volume = {2},
	Year = {1998}}

@article{GzNITa13,
	Author = {H. Gzyl and P.L. Novi-Inverardi and A. Tagliani},
	Date-Added = {2015-04-29 12:55:37 +0000},
	Date-Modified = {2015-04-29 12:55:37 +0000},
	Journal = {Insurance: Mathematics and Economics},
	Number = {2},
	Pages = {457-463},
	Title = {Determination of the probability of ultimate ruin probability by maximum entropy applied to fractional moments},
	Volume = {53},
	Year = {2013}}

@article{GzTa12,
	Author = {H. Gzyl and A. Tagliani},
	Date-Added = {2015-04-29 12:55:37 +0000},
	Date-Modified = {2015-04-29 12:55:37 +0000},
	Journal = {Applied Mathematics and Computation},
	Number = {4},
	Pages = {2124-2133},
	Title = {Determination of the distribution of total loss from the fractional moments of its exponential},
	Volume = {219},
	Year = {2012}}

@article{HA00,
	Author = {A. Hald},
	Date-Added = {2015-04-29 12:55:37 +0000},
	Date-Modified = {2015-04-29 12:55:37 +0000},
	Journal = {International Statistical Review},
	Number = {2},
	Pages = {137-153},
	Title = {The early history of the cumulants and the {G}ram-{C}harlier series},
	Volume = {68},
	Year = {2000}}

@article{Iz91,
	Author = {A. J. Izenman},
	Date-Added = {2015-04-29 12:55:37 +0000},
	Date-Modified = {2015-04-29 12:55:37 +0000},
	Journal = {Journal of the American Statistical Association},
	Number = {413},
	Pages = {205-224},
	Title = {Review papers: recent developments in nonparametric density estimation},
	Volume = {86},
	Year = {1991}}

@article{LiMe14,
	Author = {H. Li and A. Melnikov},
	Date-Added = {2015-04-29 12:55:37 +0000},
	Date-Modified = {2015-04-29 12:55:37 +0000},
	Journal = {Insurance: Mathematics and Economics},
	Pages = {250-260},
	Title = {Polynomial extensions of distributions and their applications in actuarial and financial modeling},
	Volume = {55},
	Year = {2014}}

@article{Ma14,
	Author = {E. Masiello},
	Date-Added = {2015-04-29 12:55:37 +0000},
	Date-Modified = {2015-04-29 12:55:37 +0000},
	Journal = {Scandinavian Actuarial Journal},
	Number = {4},
	Pages = {283-308},
	Title = {On semiparametric estimation of ruin probabilities in the classical risk model},
	Volume = {2014},
	Year = {2014}}

@article{MnRuRu08,
	Author = {R. Mnatsakanov and L.L. Ruymgaart and F.H. Ruymgaart},
	Date-Added = {2015-04-29 12:55:37 +0000},
	Date-Modified = {2015-04-29 12:55:37 +0000},
	Journal = {Mathematical Methods of Statistics},
	Number = {1},
	Pages = {35-43},
	Title = {Nonparametric estimation of ruin probabilities given a random sample of claims},
	Volume = {17},
	Year = {2008}}

@article{MnSa13,
	Author = {R. M. Mnatsakanov and K. Sarkisian},
	Date-Added = {2015-04-29 12:55:37 +0000},
	Date-Modified = {2015-04-29 12:55:37 +0000},
	Journal = {Applied Mathematics and Computation},
	Pages = {8730-8737},
	Title = {A note on recovering the distribution from exponential moments},
	Volume = {219},
	Year = {2013}}

@article{MnSaHa14,
	Author = {R. M. Mnatsakanov and K. Sarkisian and A. Hakobyan},
	Date-Added = {2015-04-29 12:55:37 +0000},
	Date-Modified = {2015-04-29 12:55:37 +0000},
	Journal = {Working Paper},
	Title = {Approximation of the ruin probability using the scaled {L}aplace transform inversion},
	Year = {2014}}

@article{Mo82,
	Author = {Carl N. Morris},
	Date-Added = {2015-04-29 12:55:37 +0000},
	Date-Modified = {2015-04-29 12:55:37 +0000},
	Journal = {The Annals of Mathematical Statistics},
	Number = {1},
	Pages = {65-80},
	Title = {Natural {E}xponential {F}amilies with {Q}uadratic {V}ariance {F}unctions},
	Volume = {10},
	Year = {1982},
	Bdsk-File-1 = {YnBsaXN0MDDUAQIDBAUGJCVYJHZlcnNpb25YJG9iamVjdHNZJGFyY2hpdmVyVCR0b3ASAAGGoKgHCBMUFRYaIVUkbnVsbNMJCgsMDxJXTlMua2V5c1pOUy5vYmplY3RzViRjbGFzc6INDoACgAOiEBGABIAFgAdccmVsYXRpdmVQYXRoWWFsaWFzRGF0YV8QLC4uLy4uLy4uL0Rvd25sb2Fkcy9ldWNsaWQuYW9zLjExNzYzNDU2OTAucGRm0hcLGBlXTlMuZGF0YU8RAboAAAAAAboAAgAADE1hY2ludG9zaCBIRAAAAAAAAAAAAAAAAAAAAMtp+39IKwAAAAXYjhlldWNsaWQuYW9zLjExNzYzNDU2OTAucGRmAAAAAAAAAAAAAAAAAAAAAAAAAAAAAAAAAAAAAAAAAAAAAAAAAAAABdjozH9pkQAAAAAAAAAAAAMAAgAACSAAAAAAAAAAAAAAAAAAAAAJRG93bmxvYWRzAAAQAAgAAMtp7W8AAAARAAgAAMx/TXEAAAABAAwABdiOAAXUnAAAuVcAAgBHTWFjaW50b3NoIEhEOlVzZXJzOgBwaWVycmVvbGl2aWVyOgBEb3dubG9hZHM6AGV1Y2xpZC5hb3MuMTE3NjM0NTY5MC5wZGYAAA4ANAAZAGUAdQBjAGwAaQBkAC4AYQBvAHMALgAxADEANwA2ADMANAA1ADYAOQAwAC4AcABkAGYADwAaAAwATQBhAGMAaQBuAHQAbwBzAGgAIABIAEQAEgA3VXNlcnMvcGllcnJlb2xpdmllci9Eb3dubG9hZHMvZXVjbGlkLmFvcy4xMTc2MzQ1NjkwLnBkZgAAEwABLwAAFQACABT//wAAgAbSGxwdHlokY2xhc3NuYW1lWCRjbGFzc2VzXU5TTXV0YWJsZURhdGGjHR8gVk5TRGF0YVhOU09iamVjdNIbHCIjXE5TRGljdGlvbmFyeaIiIF8QD05TS2V5ZWRBcmNoaXZlctEmJ1Ryb290gAEACAARABoAIwAtADIANwBAAEYATQBVAGAAZwBqAGwAbgBxAHMAdQB3AIQAjgC9AMIAygKIAooCjwKaAqMCsQK1ArwCxQLKAtcC2gLsAu8C9AAAAAAAAAIBAAAAAAAAACgAAAAAAAAAAAAAAAAAAAL2}}

@article{MR1439612,
	Author = {De Vylder, F. and Marceau, E.},
	Coden = {IMECDX},
	Date-Added = {2015-04-29 12:55:37 +0000},
	Date-Modified = {2015-04-29 12:55:37 +0000},
	Doi = {10.1016/S0167-6687(96)00002-9},
	Fjournal = {Insurance: Mathematics \& Economics},
	Issn = {0167-6687},
	Journal = {Insurance Math. Econom.},
	Mrclass = {62P05 (26B25)},
	Mrnumber = {1439612 (98f:62295)},
	Mrreviewer = {Jozef L. Teugels},
	Number = {1},
	Pages = {1--18},
	Title = {The numerical solution of the {S}chmitter problems: theory},
	Url = {http://dx.doi.org/10.1016/S0167-6687(96)00002-9},
	Volume = {19},
	Year = {1996},
	Bdsk-File-1 = {YnBsaXN0MDDUAQIDBAUGJCVYJHZlcnNpb25YJG9iamVjdHNZJGFyY2hpdmVyVCR0b3ASAAGGoKgHCBMUFRYaIVUkbnVsbNMJCgsMDxJXTlMua2V5c1pOUy5vYmplY3RzViRjbGFzc6INDoACgAOiEBGABIAFgAdccmVsYXRpdmVQYXRoWWFsaWFzRGF0YV8QNC4uLy4uLy4uL0Rvd25sb2Fkcy8xLXMyLjAtUzAxNjc2Njg3OTYwMDAwMjktbWFpbi5wZGbSFwsYGVdOUy5kYXRhTxEB2AAAAAAB2AACAAAMTWFjaW50b3NoIEhEAAAAAAAAAAAAAAAAAAAAy2n7f0grAAAABdiOHzEtczIuMC1TMDE2NzY2ODc5NjAwMCM1RDg5OS5wZGYAAAAAAAAAAAAAAAAAAAAAAAAAAAAAAAAAAAAAAAAAAAAF2JnLmKAAAAAAAAAAAAAAAwACAAAJIAAAAAAAAAAAAAAAAAAAAAlEb3dubG9hZHMAABAACAAAy2ntbwAAABEACAAAy5iD4AAAAAEADAAF2I4ABdScAAC5VwACAE1NYWNpbnRvc2ggSEQ6VXNlcnM6AHBpZXJyZW9saXZpZXI6AERvd25sb2FkczoAMS1zMi4wLVMwMTY3NjY4Nzk2MDAwIzVEODk5LnBkZgAADgBEACEAMQAtAHMAMgAuADAALQBTADAAMQA2ADcANgA2ADgANwA5ADYAMAAwADAAMAAyADkALQBtAGEAaQBuAC4AcABkAGYADwAaAAwATQBhAGMAaQBuAHQAbwBzAGgAIABIAEQAEgA/VXNlcnMvcGllcnJlb2xpdmllci9Eb3dubG9hZHMvMS1zMi4wLVMwMTY3NjY4Nzk2MDAwMDI5LW1haW4ucGRmAAATAAEvAAAVAAIAFP//AACABtIbHB0eWiRjbGFzc25hbWVYJGNsYXNzZXNdTlNNdXRhYmxlRGF0YaMdHyBWTlNEYXRhWE5TT2JqZWN00hscIiNcTlNEaWN0aW9uYXJ5oiIgXxAPTlNLZXllZEFyY2hpdmVy0SYnVHJvb3SAAQAIABEAGgAjAC0AMgA3AEAARgBNAFUAYABnAGoAbABuAHEAcwB1AHcAhACOAMUAygDSAq4CsAK1AsACyQLXAtsC4gLrAvAC/QMAAxIDFQMaAAAAAAAAAgEAAAAAAAAAKAAAAAAAAAAAAAAAAAAAAxw=},
	Bdsk-Url-1 = {http://www.ams.org/mathscinet-getitem?mr=1439612}}

@article{MR1466853,
	Author = {De Vylder, F. and Goovaerts, M. and Marceau, E.},
	Coden = {IMECDX},
	Date-Added = {2015-04-29 12:55:37 +0000},
	Date-Modified = {2015-04-29 12:55:37 +0000},
	Doi = {10.1016/S0167-6687(97)00006-1},
	Fjournal = {Insurance: Mathematics \& Economics},
	Issn = {0167-6687},
	Journal = {Insurance Math. Econom.},
	Mrclass = {62P05},
	Mrnumber = {1466853},
	Number = {1},
	Pages = {43--58},
	Title = {The solution of {S}chmitter's simple problem: numerical illustration},
	Url = {http://dx.doi.org/10.1016/S0167-6687(97)00006-1},
	Volume = {20},
	Year = {1997},
	Bdsk-File-1 = {YnBsaXN0MDDUAQIDBAUGJCVYJHZlcnNpb25YJG9iamVjdHNZJGFyY2hpdmVyVCR0b3ASAAGGoKgHCBMUFRYaIVUkbnVsbNMJCgsMDxJXTlMua2V5c1pOUy5vYmplY3RzViRjbGFzc6INDoACgAOiEBGABIAFgAdccmVsYXRpdmVQYXRoWWFsaWFzRGF0YV8QNC4uLy4uLy4uL0Rvd25sb2Fkcy8xLXMyLjAtUzAxNjc2Njg3OTYwMDAwMjktbWFpbi5wZGbSFwsYGVdOUy5kYXRhTxEB2AAAAAAB2AACAAAMTWFjaW50b3NoIEhEAAAAAAAAAAAAAAAAAAAAy2n7f0grAAAABdiOHzEtczIuMC1TMDE2NzY2ODc5NjAwMCM1RDg5OS5wZGYAAAAAAAAAAAAAAAAAAAAAAAAAAAAAAAAAAAAAAAAAAAAF2JnLmKAAAAAAAAAAAAAAAwACAAAJIAAAAAAAAAAAAAAAAAAAAAlEb3dubG9hZHMAABAACAAAy2ntbwAAABEACAAAy5iD4AAAAAEADAAF2I4ABdScAAC5VwACAE1NYWNpbnRvc2ggSEQ6VXNlcnM6AHBpZXJyZW9saXZpZXI6AERvd25sb2FkczoAMS1zMi4wLVMwMTY3NjY4Nzk2MDAwIzVEODk5LnBkZgAADgBEACEAMQAtAHMAMgAuADAALQBTADAAMQA2ADcANgA2ADgANwA5ADYAMAAwADAAMAAyADkALQBtAGEAaQBuAC4AcABkAGYADwAaAAwATQBhAGMAaQBuAHQAbwBzAGgAIABIAEQAEgA/VXNlcnMvcGllcnJlb2xpdmllci9Eb3dubG9hZHMvMS1zMi4wLVMwMTY3NjY4Nzk2MDAwMDI5LW1haW4ucGRmAAATAAEvAAAVAAIAFP//AACABtIbHB0eWiRjbGFzc25hbWVYJGNsYXNzZXNdTlNNdXRhYmxlRGF0YaMdHyBWTlNEYXRhWE5TT2JqZWN00hscIiNcTlNEaWN0aW9uYXJ5oiIgXxAPTlNLZXllZEFyY2hpdmVy0SYnVHJvb3SAAQAIABEAGgAjAC0AMgA3AEAARgBNAFUAYABnAGoAbABuAHEAcwB1AHcAhACOAMUAygDSAq4CsAK1AsACyQLXAtsC4gLrAvAC/QMAAxIDFQMaAAAAAAAAAgEAAAAAAAAAKAAAAAAAAAAAAAAAAAAAAxw=},
	Bdsk-Url-1 = {http://www.ams.org/mathscinet-getitem?mr=1466853}}

@article{MR1466854,
	Author = {De Vylder, F. and Goovaerts, M. and Marceau, E.},
	Coden = {IMECDX},
	Date-Added = {2015-04-29 12:55:37 +0000},
	Date-Modified = {2015-04-29 12:55:37 +0000},
	Doi = {10.1016/S0167-6687(97)00007-3},
	Fjournal = {Insurance: Mathematics \& Economics},
	Issn = {0167-6687},
	Journal = {Insurance Math. Econom.},
	Mrclass = {62P05},
	Mrnumber = {1466854 (98c:62196)},
	Number = {1},
	Pages = {59--78},
	Title = {The bi-atomic uniform minimal solution of {S}chmitter's problem},
	Url = {http://dx.doi.org/10.1016/S0167-6687(97)00007-3},
	Volume = {20},
	Year = {1997},
	Bdsk-File-1 = {YnBsaXN0MDDUAQIDBAUGJCVYJHZlcnNpb25YJG9iamVjdHNZJGFyY2hpdmVyVCR0b3ASAAGGoKgHCBMUFRYaIVUkbnVsbNMJCgsMDxJXTlMua2V5c1pOUy5vYmplY3RzViRjbGFzc6INDoACgAOiEBGABIAFgAdccmVsYXRpdmVQYXRoWWFsaWFzRGF0YV8QNC4uLy4uLy4uL0Rvd25sb2Fkcy8xLXMyLjAtUzAxNjc2Njg3OTcwMDAwNzMtbWFpbi5wZGbSFwsYGVdOUy5kYXRhTxEB2AAAAAAB2AACAAAMTWFjaW50b3NoIEhEAAAAAAAAAAAAAAAAAAAAy2n7f0grAAAABdiOHzEtczIuMC1TMDE2NzY2ODc5NzAwMCM1RDg5QS5wZGYAAAAAAAAAAAAAAAAAAAAAAAAAAAAAAAAAAAAAAAAAAAAF2JrLmJ/CAAAAAAAAAAAAAwACAAAJIAAAAAAAAAAAAAAAAAAAAAlEb3dubG9hZHMAABAACAAAy2ntbwAAABEACAAAy5iDogAAAAEADAAF2I4ABdScAAC5VwACAE1NYWNpbnRvc2ggSEQ6VXNlcnM6AHBpZXJyZW9saXZpZXI6AERvd25sb2FkczoAMS1zMi4wLVMwMTY3NjY4Nzk3MDAwIzVEODlBLnBkZgAADgBEACEAMQAtAHMAMgAuADAALQBTADAAMQA2ADcANgA2ADgANwA5ADcAMAAwADAAMAA3ADMALQBtAGEAaQBuAC4AcABkAGYADwAaAAwATQBhAGMAaQBuAHQAbwBzAGgAIABIAEQAEgA/VXNlcnMvcGllcnJlb2xpdmllci9Eb3dubG9hZHMvMS1zMi4wLVMwMTY3NjY4Nzk3MDAwMDczLW1haW4ucGRmAAATAAEvAAAVAAIAFP//AACABtIbHB0eWiRjbGFzc25hbWVYJGNsYXNzZXNdTlNNdXRhYmxlRGF0YaMdHyBWTlNEYXRhWE5TT2JqZWN00hscIiNcTlNEaWN0aW9uYXJ5oiIgXxAPTlNLZXllZEFyY2hpdmVy0SYnVHJvb3SAAQAIABEAGgAjAC0AMgA3AEAARgBNAFUAYABnAGoAbABuAHEAcwB1AHcAhACOAMUAygDSAq4CsAK1AsACyQLXAtsC4gLrAvAC/QMAAxIDFQMaAAAAAAAAAgEAAAAAAAAAKAAAAAAAAAAAAAAAAAAAAxw=},
	Bdsk-Url-1 = {http://www.ams.org/mathscinet-getitem?mr=1466854}}

@article{Pa81,
	Author = {H. H. Panjer},
	Date-Added = {2015-04-29 12:55:37 +0000},
	Date-Modified = {2015-04-29 12:55:37 +0000},
	Journal = {Astin Bulletin},
	Number = {1},
	Pages = {22-26},
	Title = {Recursive evaluation of a family of compound distributions},
	Volume = {12},
	Year = {1981}}

@article{PiLe97,
	Author = {P. Picard and C. Lef{\`e}vre},
	Date-Added = {2015-04-29 12:55:37 +0000},
	Date-Modified = {2015-04-29 12:55:37 +0000},
	Journal = {Scandinavian Actuarial Journal},
	Pages = {58-69},
	Title = {The probability of ruin in finite time with discrete claim size distribution},
	Year = {1997}}

@article{Po01,
	Author = {D. Pommeret},
	Date-Added = {2015-04-29 12:55:37 +0000},
	Date-Modified = {2015-04-29 12:55:37 +0000},
	Journal = {Applied Mathematics and Computation},
	Number = {2},
	Pages = {285-299},
	Title = {Orthogonal and pseudo-orthogonal multi-dimensional {A}ppell polynomials},
	Volume = {117},
	Year = {2001}}

@book{RoScScTe99,
	Author = {T. Rolski and H. Schmidli and V. Schmidt and J.Teugels},
	Date-Added = {2015-04-29 12:55:37 +0000},
	Date-Modified = {2015-04-29 12:55:37 +0000},
	Publisher = {Wiley series in probability and statistics},
	Title = {Stochastic Processes for Insurance and Finance},
	Year = {1999},
	Bdsk-File-1 = {YnBsaXN0MDDUAQIDBAUGJCVYJHZlcnNpb25YJG9iamVjdHNZJGFyY2hpdmVyVCR0b3ASAAGGoKgHCBMUFRYaIVUkbnVsbNMJCgsMDxJXTlMua2V5c1pOUy5vYmplY3RzViRjbGFzc6INDoACgAOiEBGABIAFgAdccmVsYXRpdmVQYXRoWWFsaWFzRGF0YV8QOS4uL0JvdXF1aW5UaFJ1aW5lL3N0b2NoYXN0aWMgcHJvYyBmb3IgZmluYW4gYW5kIGluc3VyLnBkZtIXCxgZV05TLmRhdGFPEQIMAAAAAAIMAAIAAAxNYWNpbnRvc2ggSEQAAAAAAAAAAAAAAAAAAADK2KVjSCsAAAANe0Yfc3RvY2hhc3RpYyBwcm9jIGZvciBmI0Q1QzhBLnBkZgAAAAAAAAAAAAAAAAAAAAAAAAAAAAAAAAAAAAAAAAAAAA1cisWqUS4AAAAAAAAAAAABAAIAAAkgAAAAAAAAAAAAAAAAAAAADkJvdXF1aW5UaFJ1aW5lABAACAAAytiXUwAAABEACAAAxapDHgAAAAEAEAANe0YACu6QAArugwAAkZAAAgBZTWFjaW50b3NoIEhEOlVzZXJzOnBpZXJyZW9saXZpZXI6RG9jdW1lbnRzOkJvdXF1aW5UaFJ1aW5lOnN0b2NoYXN0aWMgcHJvYyBmb3IgZiNENUM4QS5wZGYAAA4AUAAnAHMAdABvAGMAaABhAHMAdABpAGMAIABwAHIAbwBjACAAZgBvAHIAIABmAGkAbgBhAG4AIABhAG4AZAAgAGkAbgBzAHUAcgAuAHAAZABmAA8AGgAMAE0AYQBjAGkAbgB0AG8AcwBoACAASABEABIAVFVzZXJzL3BpZXJyZW9saXZpZXIvRG9jdW1lbnRzL0JvdXF1aW5UaFJ1aW5lL3N0b2NoYXN0aWMgcHJvYyBmb3IgZmluYW4gYW5kIGluc3VyLnBkZgATAAEvAAAVAAIAFP//AACABtIbHB0eWiRjbGFzc25hbWVYJGNsYXNzZXNdTlNNdXRhYmxlRGF0YaMdHyBWTlNEYXRhWE5TT2JqZWN00hscIiNcTlNEaWN0aW9uYXJ5oiIgXxAPTlNLZXllZEFyY2hpdmVy0SYnVHJvb3SAAQAIABEAGgAjAC0AMgA3AEAARgBNAFUAYABnAGoAbABuAHEAcwB1AHcAhACOAMoAzwDXAucC6QLuAvkDAgMQAxQDGwMkAykDNgM5A0sDTgNTAAAAAAAAAgEAAAAAAAAAKAAAAAAAAAAAAAAAAAAAA1U=}}

@article{RuLo04,
	Author = {D. Ruillere and S. Loisel},
	Date-Added = {2015-04-29 12:55:37 +0000},
	Date-Modified = {2015-04-29 12:55:37 +0000},
	Journal = {Insurance: Mathematics and Economics},
	Number = {2},
	Pages = {187-203},
	Title = {Another look at the {P}icard-{L}ef{\`e}vre formula for finite-time ruin probbaility},
	Volume = {35},
	Year = {2004}}

@book{Sz39,
	Author = {G. Szeg{\"o}},
	Date-Added = {2015-04-29 12:55:37 +0000},
	Date-Modified = {2015-04-29 12:55:37 +0000},
	Publisher = {American mathematical society Colloquium publications},
	Title = {Orthogonal Polynomials},
	Volume = {XXIII},
	Year = {1939}}

@article{Ta78,
	Author = {G. Taylor},
	Date-Added = {2015-04-29 12:55:37 +0000},
	Date-Modified = {2015-04-29 12:55:37 +0000},
	Journal = {Scandinavian Actuarial Journal},
	Pages = {1-18},
	Title = {Representation and explicit calculation of finite-time ruin probabilities},
	Year = {1978}}

@article{We66,
	Author = {W. T. Weeks},
	Date-Added = {2015-04-29 12:55:37 +0000},
	Date-Modified = {2015-04-29 12:55:37 +0000},
	Journal = {Journal of the ACM},
	Number = {3},
	Pages = {419-429},
	Title = {Numerical inversion of {L}aplace transforms using {L}aguerre functions},
	Volume = {13},
	Year = {1966}}

@article{ZhYa13,
	Author = {Z. Zhang and H. Yang},
	Date-Added = {2015-04-29 12:55:37 +0000},
	Date-Modified = {2015-04-29 12:55:37 +0000},
	Journal = {Insurance: Mathematics and Economics},
	Number = {1},
	Pages = {24-35},
	Title = {Nonparametric estimate of the ruin probability of the ruin probability in a pure-jump L{\'e}vy risk model},
	Volume = {53},
	Year = {2013}}

@article{ZhYaYa14,
	Author = {Z. Zhang and H. Yang and H. Yang},
	Date-Added = {2015-04-29 12:55:37 +0000},
	Date-Modified = {2015-04-29 12:55:37 +0000},
	Journal = {Scandinavian Actuarial Journal},
	Number = {4},
	Pages = {309-338},
	Title = {On a nonparametric estimator for ruin probability in the classical risk model},
	Volume = {2014},
	Year = {2014}}
