%% This BibTeX bibliography file was created using BibDesk.
%% http://bibdesk.sourceforge.net/


%% Created for Pierre Olivier GOFFARD at 2015-04-29 14:41:21 +0200 


%% Saved with string encoding Unicode (UTF-8) 



@article{AbCoMaMo03,
	Author = {C. Abraham and P. A. Cornillon and E. Matzner-L{\o}ber and N. Molinari},
	Date-Added = {2015-04-29 12:41:15 +0000},
	Date-Modified = {2015-04-29 12:41:15 +0000},
	Journal = {Scandinavian Journal of Statistics. Theory and applications},
	Pages = {581-595},
	Title = {Unsupervised curve clustering using {B}-splines},
	Year = {2003}}

@book{AsAl10,
	Author = {S. Asmussen and H. Abrecher},
	Date-Added = {2015-04-29 12:41:15 +0000},
	Date-Modified = {2015-04-29 12:41:15 +0000},
	Publisher = {World scientific},
	Title = {Ruin probabilities},
	Volume = {14},
	Year = {2010}}

@article{BaBeRe10,
	Author = {D. Bauer and D. Bergman and A. Reuss},
	Date-Added = {2015-04-29 12:41:15 +0000},
	Date-Modified = {2015-04-29 12:41:15 +0000},
	Journal = {Poceedings of the 2010 ICA Conference},
	Title = {Solvency {I}{I} and {N}ested {S}imulations - a {L}east {S}quares {M}onte {C}arlo {A}pproach},
	Year = {2010}}

@article{BoPlJu12,
	Author = {F. Bonnin and F. Planchet and M. Julliard},
	Date-Added = {2015-04-29 12:41:15 +0000},
	Date-Modified = {2015-04-29 12:41:15 +0000},
	Journal = {European Actuarial Journal},
	Number = {1},
	Pages = {181-196},
	Title = {Best estimate calculations of saving contracts by closed formulas: {A}pplication to the {O}{R}{S}{A}},
	Volume = {4},
	Year = {2014}}

@article{CaHa74,
	Author = {R. B. Calinsky and J. Harabasz},
	Date-Added = {2015-04-29 12:41:15 +0000},
	Date-Modified = {2015-04-29 12:41:15 +0000},
	Journal = {Communications in Statistics},
	Keywords = {Numerica taxonomy; Cluster analysis; Minimum variance (WGSS) criterion for optimal grouping; Approximate grouping procedure; Shortest dendrite = minimum variance spanning tree; Variance for best number of groups},
	Pages = {1-27},
	Title = {A dendrite method for cluster analysis},
	Volume = {3},
	Year = {1974}}

@article{Ch02,
	Abstract = {Algorithme de selection al{\'e}atoire de sc{\'e}narios financiers. D{\'e}finition d'une distance entre les sc{\'e}narios. Cr{\'e}ation d'un {\'e}chantillon permettant de reproduire la queue de distribution tout en conservant en moyenne la structure de l'ensemble de tous les sc{\'e}nario. =>S{\'e}lection de sc{\'e}narios extr{\^e}mes + quelques sc{\'e}narios moyens.},
	Author = {Y. C. Chueh},
	Date-Added = {2015-04-29 12:41:15 +0000},
	Date-Modified = {2015-04-29 12:41:15 +0000},
	Journal = {North American Acturial Journal},
	Number = {3},
	Pages = {88-103},
	Title = {Efficient stochastic modeling for large and consolidated insurance business: {I}nterest rate algorithms},
	Volume = {6},
	Year = {2002}}

@article{Ch98,
	Author = {S. L. Christiansen},
	Date-Added = {2015-04-29 12:41:15 +0000},
	Date-Modified = {2015-04-29 12:41:15 +0000},
	Journal = {North American Actuarial Journal},
	Number = {3},
	Pages = {29-44},
	Title = {Representative interest rate scenarios},
	Volume = {2},
	Year = {1998}}

@article{ChDeLoMD11,
	Author = {M. Chauvigny and L. Devineau and S. Loisel and V. Maume-Deschamps},
	Date-Added = {2015-04-29 12:41:15 +0000},
	Date-Modified = {2015-04-29 12:41:15 +0000},
	Journal = {European Actuarial Journal},
	Number = {1},
	Pages = {131-157},
	Title = {Fast remote but not extreme quantiles with multiple factors: {A}pplication to {S}olvency {I}{I} and {E}nterprise {R}isk {M}anagement},
	Volume = {1},
	Year = {2011}}

@article{DeCh11,
	Author = {L. Devineau and M. Chauvigny},
	Date-Added = {2015-04-29 12:41:15 +0000},
	Date-Modified = {2015-04-29 12:41:15 +0000},
	Journal = {Bulletin Fran{\c c}ais d'Actuariat},
	Pages = {59-97},
	Title = {Replicating portfolios: {C}alibration techniques for the calculation of the {S}olvency {I}{I} economic capital},
	Volume = {21},
	Year = {2011}}

@article{DeLo09,
	Author = {L. Devineau and S. Loisel},
	Date-Added = {2015-04-29 12:41:15 +0000},
	Date-Modified = {2015-04-29 12:41:15 +0000},
	Journal = {Bulletin Fran{\c c}ais d'Actuariat},
	Number = {17},
	Pages = {188-221},
	Title = {Construction d'un algorithme d'acc{\'e}l{\'e}ration de la m{\'e}thode des "simulations dans les simulations " pour le calcul du capital {\'e}conomique {S}olvabilit{\'e} {I}{I}},
	Volume = {10},
	Year = {2009}}

@techreport{EIOPA,
	Address = {Brussels},
	Author = {EIOPA},
	Date-Added = {2015-04-29 12:41:15 +0000},
	Date-Modified = {2015-04-29 12:41:15 +0000},
	Institution = {European comission},
	Title = {{Q}uantitative {I}mpact {S}tudies {V}: {T}echnical {S}pecifications},
	Year = {2010}}

@article{EIOPA10,
	Author = {EIOPA},
	Date-Added = {2015-04-29 12:41:15 +0000},
	Date-Modified = {2015-04-29 12:41:15 +0000},
	Journal = {European comission},
	Title = {Technical specification for {Q}{I}{S} {V}},
	Year = {2010}}

@book{EvLaLe95,
	Author = {B. S. Everitt and S. Landau and M. Leese},
	Date-Added = {2015-04-29 12:41:15 +0000},
	Date-Modified = {2015-04-29 12:41:15 +0000},
	Edition = {4},
	Publisher = {A Hodder Arnold Publication},
	Title = {Cluster Analysis},
	Year = {1995}}

@book{FeVi06,
	Address = {New York},
	Author = {F. Ferraty and P. Vieu},
	Date-Added = {2015-04-29 12:41:15 +0000},
	Date-Modified = {2015-04-29 12:41:15 +0000},
	Publisher = {Springer},
	Title = {Nonparametric functional data analysis},
	Year = {2006}}

@techreport{FrRe08,
	Author = {A. Fredman and C. Reynolds},
	Date-Added = {2015-04-29 12:41:15 +0000},
	Date-Modified = {2015-04-29 12:41:15 +0000},
	Institution = {Milliman},
	Month = {August},
	Title = {Cluster analysis: A spatial approach to actuarial modeling},
	Type = {Research report},
	Year = {2008}}

@book{Ge90,
	Address = {Berlin},
	Author = {H.U. Gerber},
	Date-Added = {2015-04-29 12:41:15 +0000},
	Date-Modified = {2015-04-29 12:41:15 +0000},
	Publisher = {Springer-Verlag},
	Title = {Life insurance mathematics},
	Year = {1990}}

@article{GeFa10,
	Author = {C. Genolini and B. Falissard},
	Date-Added = {2015-04-29 12:41:15 +0000},
	Date-Modified = {2015-04-29 12:41:15 +0000},
	Journal = {Computational Statistics},
	Number = {2},
	Pages = {317-328},
	Title = {"{K}{M}{L}: {K}-means for longitudinal data"},
	Volume = {25},
	Year = {2010}}

@book{Ha75,
	Address = {New York},
	Author = {J. Hartigan},
	Date-Added = {2015-04-29 12:41:15 +0000},
	Date-Modified = {2015-04-29 12:41:15 +0000},
	Publisher = {Wiley},
	Title = {Clustering Algorithms},
	Year = {1975}}

@article{HeSkTh12,
	Author = {B. Hejblum and J. Skinner and R. Thiebaut},
	Date-Added = {2015-04-29 12:41:15 +0000},
	Date-Modified = {2015-04-29 12:41:15 +0000},
	Journal = {33rd annual conference of international society for clinical biostatistics},
	Title = {Application of gene set analysis of Time-Course gene expression in a HIV vaccine trial},
	Year = {2012}}

@article{IePaPiVi12,
	Author = {F. Ieva end A. M. Paganomi and D. Pigoli and V. Vitelli},
	Date-Added = {2015-04-29 12:41:15 +0000},
	Date-Modified = {2015-04-29 12:41:15 +0000},
	Journal = {Journal of the Royal Statistical Society},
	Title = {Multivariate functional clustering for the analysis of ecg curves},
	Year = {2012}}

@article{JaPr13,
	Author = {J. Jacques and C. Preda},
	Date-Added = {2015-04-29 12:41:15 +0000},
	Date-Modified = {2015-04-29 12:41:15 +0000},
	Journal = {Adavances in data analysis and classification},
	Pages = {1-25},
	Title = {Functional data clustering: a survey},
	Year = {2013}}

@book{KaRo90,
	Address = {New York},
	Author = {L. Kaufman and P. J. Rousseeuw},
	Date-Added = {2015-04-29 12:41:15 +0000},
	Date-Modified = {2015-04-29 12:41:15 +0000},
	Publisher = {Wiley},
	Title = {Finding groups in Data: An introduction to cluster analysis},
	Year = {1990}}

@article{KrLa88,
	Author = {W.J. Krzanowski and Y. T. Lai},
	Date-Added = {2015-04-29 12:41:15 +0000},
	Date-Modified = {2015-04-29 12:41:15 +0000},
	Journal = {Biometrics},
	Keywords = {Determinant criterion; Iterative relocation; Monte Carlo Methods; Non-hierarchic clustering; Stopping rule; Trace Criterion},
	Month = {Mars},
	Pages = {23-34},
	Title = {A criterion for determining the number of groups in a data set using {S}um-of-{S}quares clustering},
	Volume = {44},
	Year = {1988}}

@book{LaRa99,
	Author = {G. Latouche and V. Ramaswami},
	Date-Added = {2015-04-29 12:41:15 +0000},
	Date-Modified = {2015-04-29 12:41:15 +0000},
	Journal = {Journal of Applied Mathematics and Stochastic Analysis},
	Pages = {435-436},
	Publisher = {Series on Statistics and Applied Probability},
	Title = {Introduction to matrix analytic methods in stochastic modeling},
	Year = {1999}}

@article{Na99,
	Author = {D. S. Nagin},
	Date-Added = {2015-04-29 12:41:15 +0000},
	Date-Modified = {2015-04-29 12:41:15 +0000},
	Journal = {Psychological Methods},
	Pages = {139-157},
	Title = {Analysing developmental trajectories: {A} semiparametric group based approach},
	Year = {1999}}

@article{NtPl12,
	Author = {T.O. Nteukam and F. Planchet},
	Date-Added = {2015-04-29 12:41:15 +0000},
	Date-Modified = {2015-04-29 12:41:15 +0000},
	Journal = {Insurance: Mathematics and Economics},
	Number = {3},
	Pages = {624-631},
	Title = {Stochastic evaluation of life insurance contracts: {M}odel point on asset trajectories and measurements of the error related to aggregation},
	Volume = {51},
	Year = {2012}}

@book{PeKeBe02,
	Author = {P. Petauton and D. Kessler and J.L. Bellando},
	Date-Added = {2015-04-29 12:41:15 +0000},
	Date-Modified = {2015-04-29 12:41:15 +0000},
	Publisher = {Dunod},
	Title = {Th{\'e}orie et pratique de l'assurance vie: manuel et exercices corrig{\'e}s},
	Year = {2002}}

@article{PeMu01,
	Author = {J. Peng and H-G M{\"u}ller},
	Date-Added = {2015-04-29 12:41:15 +0000},
	Date-Modified = {2015-04-29 12:41:15 +0000},
	Journal = {The annals of applied statistics},
	Pages = {1056-1077},
	Title = {Distance-based clustering of sparsely observed stochastic processes, with application to online auctions},
	Year = {2001}}

@article{PlGuJu12,
	Author = {F. Planchet and Q. Guibert and M. Juillard},
	Date-Added = {2015-04-29 12:41:15 +0000},
	Date-Modified = {2015-04-29 12:41:15 +0000},
	Journal = {European Actuarial Journal},
	Number = {2},
	Pages = {205-226},
	Title = {Measuring uncertainty of solvency coverage ratio in {O}{R}{S}{A} for {N}on-{L}ife insurance},
	Volume = {2},
	Year = {2012}}

@book{PlThJu11,
	Address = {Paris},
	Author = {F. Planchet and P. Therond and M. Juillard},
	Date-Added = {2015-04-29 12:41:15 +0000},
	Date-Modified = {2015-04-29 12:41:15 +0000},
	Edition = {2},
	Publisher = {Economica},
	Title = {Mod{\`e}les financiers en assurance. Analyses de risque dynamique.},
	Year = {2011}}

@book{RaSi05,
	Address = {New York},
	Author = {J. O. Ramsay and B.W. Silvermann},
	Date-Added = {2015-04-29 12:41:15 +0000},
	Date-Modified = {2015-04-29 12:41:15 +0000},
	Publisher = {Springer},
	Title = {Applied functional data analysis},
	Year = {2005}}

@phdthesis{Sa13,
	Author = {M. Sarukkali},
	Date-Added = {2015-04-29 12:41:15 +0000},
	Date-Modified = {2015-04-29 12:41:15 +0000},
	School = {University of Connecticut},
	Title = {Replicated Stratified Sampling for Sensitivity Analysis},
	Year = {2013}}

@article{Sc08,
	Author = {D. Schrager},
	Date-Added = {2015-04-29 12:41:15 +0000},
	Date-Modified = {2015-04-29 12:41:15 +0000},
	Journal = {AENORM},
	Number = {59},
	Pages = {57-61},
	Title = {Replicating protfolios for insurance liabilities},
	Year = {2008}}

@article{TeRePl,
	Author = {O.N. Teuguia and J. Ren and F. Planchet},
	Date-Added = {2015-04-29 12:41:15 +0000},
	Date-Modified = {2015-04-29 12:41:15 +0000},
	Title = {Internal model in life insurance: {A}pplication of {L}east {S}quare {M}onte {C}arlo in risk assessment}}

@article{TiWaHa01,
	Author = {R. Tibshirani and G. Walther and T. Hastie},
	Date-Added = {2015-04-29 12:41:15 +0000},
	Date-Modified = {2015-04-29 12:41:15 +0000},
	Journal = {Journal of the Royal Statistical Society: Series B},
	Keywords = {Clustering; Groups; Hierarchy; K-means; Uniform Distribution},
	Pages = {411-423},
	Title = {Estimating the number of clusters in a data set via the gap statistic},
	Volume = {63},
	Year = {2001}}

@article{Wa63,
	Author = {J. H. Ward},
	Date-Added = {2015-04-29 12:41:15 +0000},
	Date-Modified = {2015-04-29 12:41:15 +0000},
	Journal = {Journal of the American Statistical Association},
	Pages = {236-544},
	Title = {Hierarchical grouping to optimize an objective function},
	Volume = {236-544},
	Year = {1963}}
