%% This BibTeX bibliography file was created using BibDesk.
%% http://bibdesk.sourceforge.net/


%% Created for pierro goffard at 2015-08-18 15:38:23 +0200 


%% Saved with string encoding Unicode (UTF-8) 



@article{Ka65,
	Author = {L. Katz},
	Date-Added = {2015-05-04 14:11:04 +0000},
	Date-Modified = {2015-05-04 14:12:13 +0000},
	Journal = {Classical and contagious discrete distributions},
	Pages = {175-182},
	Title = {Unified treatment of a broad class of discrete probability distribution},
	Volume = {1},
	Year = {1965}}

@article{RuLo04,
	Author = {D. Ruillere and S. Loisel},
	Date-Added = {2015-04-14 16:52:18 +0000},
	Date-Modified = {2015-05-04 11:08:44 +0000},
	Journal = {Insurance: Mathematics and Economics},
	Number = {2},
	Pages = {187-203},
	Title = {Another look at the {P}icard-{L}ef{\`e}vre formula for finite-time ruin probability},
	Volume = {35},
	Year = {2004}}

@article{BeClTr10,
	Author = {P. Bertail and S. Cl{\'e}men{\c c}on and J. Tressou},
	Date-Added = {2015-04-14 13:52:15 +0000},
	Date-Modified = {2015-04-14 13:53:35 +0000},
	Journal = {Journal of biological dynamics},
	Number = {2},
	Pages = {212-234},
	Title = {Statistical analysis of a dynamic model for dietary contaminant exposure},
	Volume = {4},
	Year = {2010}}

@article{BeClTr08,
	Author = {P. Bertail and S. Cl{\'e}men{\c c}on and J. Tressou},
	Date-Added = {2015-04-14 13:49:40 +0000},
	Date-Modified = {2015-04-14 13:51:26 +0000},
	Journal = {Mathematical Biosciences and Engineering},
	Number = {1},
	Pages = {35},
	Title = {A storage model with random release rate for modelling exposure to food contaminants},
	Volume = {5},
	Year = {2008}}

@book{BeLo14,
	Author = {P. Bertail and S. Loisel},
	Date-Added = {2015-04-14 13:45:29 +0000},
	Date-Modified = {2015-04-14 13:49:18 +0000},
	Editor = {Droesbeke, Saporta, Thomas-Agnan},
	Journal = {Approches statistique du risque, Journ{\'e}es d'{\'e}tude statistique},
	Publisher = {Approches Statistiques du risque, Journ{\'e}e d'{\'e}tude statistique},
	Title = {Th{\'e}orie de la ruine et applications},
	Year = {2014}}

@article{Po01,
	Author = {D. Pommeret},
	Date-Added = {2015-04-14 13:44:22 +0000},
	Date-Modified = {2015-05-04 11:08:31 +0000},
	Journal = {Applied Mathematics and Computation},
	Number = {2},
	Pages = {285-299},
	Title = {Orthogonal and pseudo-orthogonal multi-dimensional {A}ppell polynomials},
	Volume = {117},
	Year = {2001}}

@article{PiLe97,
	Author = {P. Picard and C. Lef{\`e}vre},
	Date-Added = {2015-04-14 13:42:09 +0000},
	Date-Modified = {2015-04-14 13:43:30 +0000},
	Journal = {Scandinavian Actuarial Journal},
	Pages = {58-69},
	Title = {The probability of ruin in finite time with discrete claim size distribution},
	Year = {1997}}

@book{Gr91,
	Author = {J. Grandell},
	Date-Added = {2015-04-14 13:40:55 +0000},
	Date-Modified = {2015-04-14 13:41:30 +0000},
	Publisher = {Springer},
	Title = {Aspects of risk theory},
	Year = {1991}}

@book{As03,
	Author = {S. Asmussen},
	Date-Added = {2015-04-14 13:36:16 +0000},
	Date-Modified = {2015-04-14 13:38:08 +0000},
	Publisher = {Springer Science and Business Media},
	Title = {Applied probability and queues},
	Volume = {51},
	Year = {2010}}

@article{GoVy84,
	Author = {M. Goovaerts and F. De{ }Vylder},
	Date-Added = {2015-04-02 14:11:55 +0000},
	Date-Modified = {2015-08-18 11:32:19 +0000},
	Journal = {Astin Bulletin},
	Number = {1},
	Pages = {53-59},
	Title = {A stable recursive algorithm for evaluation of ultimate ruin probabilities},
	Volume = {14},
	Year = {1984}}

@article{Di89,
	Author = {D. C. M. Dickson},
	Date-Added = {2015-04-02 13:59:43 +0000},
	Date-Modified = {2015-04-02 14:00:46 +0000},
	Journal = {Insurance: Mathematics and Economics},
	Number = {2},
	Pages = {145-148},
	Title = {Recursive calculation of the probability and severity of ruin},
	Volume = {8},
	Year = {1989}}

@article{BuMiWe03,
	Author = {K. Burnecki and P. Mista and A. Weron},
	Date-Added = {2015-04-02 10:31:24 +0000},
	Date-Modified = {2015-04-02 10:33:20 +0000},
	Journal = {Hugo Steinhaus Center, Wroclaw University of technology},
	Title = {A new De Vylder type approximation of the ruin probability in infinite time},
	Year = {2003}}

@article{Gr00,
	Author = {J. Grandell},
	Date-Added = {2015-04-02 10:22:27 +0000},
	Date-Modified = {2015-04-02 10:23:16 +0000},
	Journal = {Insurance: Mathematics and Economics},
	Number = {2},
	Pages = {157-173},
	Title = {Simple approximations of ruin probabilities},
	Volume = {26},
	Year = {2000}}

@article{Ra92,
	Author = {C. Ramsay},
	Date-Added = {2015-04-02 10:18:59 +0000},
	Date-Modified = {2015-04-02 10:20:09 +0000},
	Journal = {Transaction of Society of Actuaries},
	Pages = {443-461},
	Title = {A practical algorithm for approximating the probability of ruin},
	Volume = {44},
	Year = {1992}}

@article{BuMiWe05,
	Author = {K. Burnecki and P. Mista and A. Weron},
	Date-Added = {2015-04-02 10:15:21 +0000},
	Date-Modified = {2015-04-02 10:16:51 +0000},
	Journal = {Acta Physica Polonica B},
	Number = {5},
	Pages = {1473},
	Title = {A new gamma type approximation of the ruin probability},
	Volume = {36},
	Year = {2005}}

@article{DV78,
	Author = {F. De{ }Vylder},
	Date-Added = {2015-04-01 09:07:03 +0000},
	Date-Modified = {2015-05-02 17:56:52 +0000},
	Journal = {Scandinavian Actuarial Journal},
	Number = {2},
	Pages = {114-119},
	Title = {A practical solution to the problem of ultimate ruin probability},
	Year = {1978}}

@article{KaKe92,
	Author = {J. N. Kapur and H. K. Kesavan},
	Date-Added = {2015-04-01 07:38:55 +0000},
	Date-Modified = {2015-04-01 07:46:03 +0000},
	Journal = {Academic Press},
	Title = {Entropy optimization principles with applications},
	Year = {1992}}

@article{Mn08a,
	Author = {R. M. Mnatsakanov},
	Date-Added = {2015-03-31 17:21:41 +0000},
	Date-Modified = {2015-03-31 17:23:10 +0000},
	Journal = {Statistics and Probability Letters},
	Number = {12},
	Pages = {1612-1618},
	Title = {Hausdorff moment problem: Reconstruction of probability distribution},
	Volume = {78},
	Year = {2008}}

@article{MnRu03,
	Author = {R. Mnatsakanov and F. H. Ruymgaart},
	Date-Added = {2015-03-31 17:19:40 +0000},
	Date-Modified = {2015-03-31 17:21:19 +0000},
	Journal = {Mathematical Methods of Statistics},
	Number = {4},
	Pages = {478-495},
	Title = {Some properties of moment empirical cdf's with application to some inverse estimation problem},
	Volume = {12},
	Year = {2003}}

@article{GzTa10,
	Author = {H. Gzyl and A. Tagliani},
	Date-Added = {2015-03-31 16:59:17 +0000},
	Date-Modified = {2015-05-04 11:08:06 +0000},
	Journal = {Applied Mathematics and Computation},
	Number = {11},
	Pages = {3319-3328},
	Title = {Hausdorff moment problem and fractionnal moments},
	Volume = {216},
	Year = {2010}}

@article{Mn08b,
	Author = {R. M. Mnatsakanov},
	Date-Added = {2015-03-31 16:55:16 +0000},
	Date-Modified = {2015-03-31 17:23:17 +0000},
	Journal = {Statistics and Probability Letters},
	Number = {13},
	Pages = {1869-1877},
	Title = {Hausdorff moment problem: Reconstruction of probability density functions},
	Volume = {78},
	Year = {2008}}

@article{PrJi12,
	Author = {T. Jin and S. B. Provost and J. Ren},
	Date-Added = {2015-03-30 19:10:38 +0000},
	Date-Modified = {2015-03-30 19:12:55 +0000},
	Title = {Moment-based density approximations for aggregate losse}}

@article{Pr05,
	Author = {S. B. Provost},
	Date-Added = {2015-03-30 19:06:24 +0000},
	Date-Modified = {2015-03-30 19:08:17 +0000},
	Journal = {Mathematica Journal},
	Number = {4},
	Pages = {727-756},
	Title = {Moment-based density approximants},
	Volume = {9},
	Year = {2005}}

@article{GoLoPo15a,
	Author = {Goffard, Pierre-Olivier and S. Loisel and D. Pommeret},
	Date-Added = {2015-03-29 18:56:13 +0000},
	Date-Modified = {2015-08-18 13:38:23 +0000},
	Journal = {Journal of Computational and Applied Mathematics},
	Title = {A polynomial expansion to approximate the ultimate ruin probability in the compound {P}oisson ruin model},
	Year = {2015}}

@article{MnSaHa14,
	Author = {R. M. Mnatsakanov and K. Sarkisian and A. Hakobyan},
	Date-Added = {2015-03-29 18:54:17 +0000},
	Date-Modified = {2015-03-29 18:54:17 +0000},
	Journal = {Working Paper},
	Title = {Approximation of the ruin probability using the scaled {L}aplace transform inversion},
	Year = {2014}}

@article{Ta78,
	Author = {G. Taylor},
	Date-Added = {2015-03-29 18:46:42 +0000},
	Date-Modified = {2015-03-29 18:46:42 +0000},
	Journal = {Scandinavian Actuarial Journal},
	Pages = {1-18},
	Title = {Representation and explicit calculation of finite-time ruin probabilities},
	Year = {1978}}

@article{AbChWh98,
	Author = {J. Abate and G.L. Choudhury and W. Whitt},
	Date-Added = {2015-03-29 18:15:56 +0000},
	Date-Modified = {2015-03-29 18:15:56 +0000},
	Journal = {Performance Evaluation},
	Number = {3},
	Pages = {229-243},
	Title = {Numerical inversion of multidimensional {L}aplace transform by the {L}aguerre method},
	Volume = {31},
	Year = {1998}}

@article{AbChWh95,
	Author = {J. Abate and G.L. Choudhury and W. Whitt},
	Date-Added = {2015-03-29 18:10:07 +0000},
	Date-Modified = {2015-03-29 18:10:07 +0000},
	Journal = {INFORMS Journal on Computing},
	Number = {4},
	Pages = {413-427},
	Title = {On the {L}aguerre method for numerically inverting {L}aplace transforms},
	Volume = {8},
	Year = {1995}}

@article{LiMe14,
	Author = {H. Li and A. Melnikov},
	Date-Added = {2015-03-29 18:05:49 +0000},
	Date-Modified = {2015-03-29 18:05:49 +0000},
	Journal = {Insurance: Mathematics and Economics},
	Pages = {250-260},
	Title = {Polynomial extensions of distributions and their applications in actuarial and financial modeling},
	Volume = {55},
	Year = {2014}}

@article{GzNITa13,
	Author = {H. Gzyl and P.L. Novi-Inverardi and A. Tagliani},
	Date-Added = {2015-03-29 18:05:39 +0000},
	Date-Modified = {2015-03-29 18:05:39 +0000},
	Journal = {Insurance: Mathematics and Economics},
	Number = {2},
	Pages = {457-463},
	Title = {Determination of the probability of ultimate ruin probability by maximum entropy applied to fractional moments},
	Volume = {53},
	Year = {2013}}

@article{AlAvKo10,
	Author = {H. Albrecher and F. Avram and D. Kortschak},
	Date-Added = {2015-03-29 18:04:57 +0000},
	Date-Modified = {2015-03-29 18:04:57 +0000},
	Journal = {Journal of Computational and Applied Mathematics},
	Number = {10},
	Pages = {2724-2736},
	Title = {On the efficient evaluation of ruin probabilities for completely monotone claim distributions},
	Volume = {233},
	Year = {2010}}

@article{AlTeTi01,
	Author = {H. Albrecher and J. Teugels and R. Tichy},
	Date-Added = {2015-03-29 18:04:57 +0000},
	Date-Modified = {2015-03-29 18:04:57 +0000},
	Journal = {Insurance: Mathematics and Economics},
	Keywords = {Classical risk model; Ruin probabilities; Finite time interval; Real interest force},
	Number = {29},
	Pages = {345-355},
	Title = {On a gamma series expansion for the time dependent probability of collective ruin},
	Year = {2001}}

@article{AvChHo11,
	Author = {F. Avram and D.F. Chedom and A. Horvarth},
	Date-Added = {2015-03-29 18:04:57 +0000},
	Date-Modified = {2015-03-29 18:04:57 +0000},
	Journal = {Journal of Computational and Applied Mathematics},
	Number = {10},
	Pages = {321-3228},
	Title = {On moments based {P}ad{\'e} approximations of ruin probabilities},
	Volume = {235},
	Year = {2011}}

@article{Be69,
	Author = {J.A. Beekman},
	Date-Added = {2015-03-29 18:04:45 +0000},
	Date-Modified = {2015-03-29 18:04:45 +0000},
	Journal = {Transaction of Society of Actuaries},
	Number = {59 AB},
	Pages = {41-48},
	Title = {Ruin function approximation},
	Volume = {21},
	Year = {1969}}

@article{Bo66,
	Author = {N.L. Bowers},
	Date-Added = {2015-03-29 18:04:41 +0000},
	Date-Modified = {2015-03-29 18:04:41 +0000},
	Journal = {Transaction of Society of Actuaries},
	Number = {52},
	Pages = {125-137},
	Title = {Expansion of probability density functions as a sum of gamma densities with applications in risk theory},
	Volume = {18},
	Year = {1966}}

@article{Mn11,
	Author = {R. M. Mnatsakanov},
	Date-Added = {2015-03-24 17:56:40 +0000},
	Date-Modified = {2015-03-24 17:56:40 +0000},
	Journal = {Statistics and Probability Letters},
	Number = {1},
	Pages = {1-7},
	Title = {Moment-recovered approximations of multivariate distributions: The {L}aplace transform inversion},
	Volume = {81},
	Year = {2011}}

@article{ChLuWh94,
	Author = {G.L. Choudhury and D. Lucantoni and W. Whitt},
	Date-Added = {2015-03-24 17:56:32 +0000},
	Date-Modified = {2015-05-04 11:07:40 +0000},
	Journal = {The Annals of Applied Probability},
	Number = {3},
	Pages = {719-740},
	Title = {Multidimensional transform inversion with application to the transient {M} / {G} / 1 Queue},
	Volume = {4},
	Year = {1994}}

@article{GoLoPo15b,
	Author = {Goffard, Pierre-Olivier and S. Loisel and D. Pommeret},
	Date-Added = {2015-03-24 17:52:08 +0000},
	Date-Modified = {2015-08-18 13:38:22 +0000},
	Journal = {Working Paper},
	Title = {Polynomial approximations for bivariate aggregate claim amount probability distributions},
	Year = {2015}}

@article{AbWh92,
	Author = {J. Abate and W. Whitt},
	Date-Added = {2015-03-24 08:24:32 +0000},
	Date-Modified = {2015-03-24 08:24:32 +0000},
	Journal = {Queueing Systems},
	Pages = {5-88},
	Title = {The {F}ourier-series method for inverting transforms of probability distributions.},
	Volume = {10},
	Year = {1992}}

@article{GzTa12,
	Author = {H. Gzyl and A. Tagliani},
	Date-Added = {2015-03-24 08:24:22 +0000},
	Date-Modified = {2015-03-24 08:24:22 +0000},
	Journal = {Applied Mathematics and Computation},
	Number = {4},
	Pages = {2124-2133},
	Title = {Determination of the distribution of total loss from the fractional moments of its exponential},
	Volume = {219},
	Year = {2012}}

@article{MnSa13,
	Author = {R. M. Mnatsakanov and K. Sarkisian},
	Date-Added = {2015-03-24 08:24:11 +0000},
	Date-Modified = {2015-03-24 08:24:11 +0000},
	Journal = {Applied Mathematics and Computation},
	Pages = {8730-8737},
	Title = {A note on recovering the distribution from exponential moments},
	Volume = {219},
	Year = {2013}}

@article{EmGrPi93,
	Author = {P. Embrechts and R. Gr{\"u}bel and S. M. Pitts},
	Date-Added = {2015-03-23 15:17:22 +0000},
	Date-Modified = {2015-03-23 15:19:11 +0000},
	Journal = {Statistica Neerlandica},
	Number = {1},
	Pages = {59-75},
	Title = {Some applications of the Fast Fourier Transform algorithm in insurance mathematics},
	Volume = {47},
	Year = {1993}}

@article{Bu84,
	Author = {H. B{\"u}hlman},
	Date-Added = {2015-03-23 15:04:47 +0000},
	Date-Modified = {2015-03-23 15:06:05 +0000},
	Journal = {Scandinavian Actuarial Journal},
	Number = {2},
	Pages = {116-126},
	Title = {Numerical evaluation of the compound poisson distribution: recursion or fast Fourier transform?},
	Year = {1984}}

@article{HeMe83,
	Author = {P. E. Heckman and G. G. Meyers},
	Date-Added = {2015-03-23 15:02:11 +0000},
	Date-Modified = {2015-03-23 15:04:03 +0000},
	Journal = {Proceedings of the Casualty Actuarial Society},
	Pages = {133-134},
	Title = {The calculation of aggregate loss distributions from claims severity and claims count distributions},
	Volume = {70},
	Year = {1983}}

@article{GrHe99,
	Author = {R. Gr{\"u}bel and R. Hermesmeier},
	Date-Added = {2015-03-23 15:00:30 +0000},
	Date-Modified = {2015-03-31 17:00:41 +0000},
	Journal = {Astin Bulletin},
	Number = {2},
	Pages = {197-214},
	Title = {Computation of compound distributions I: Aliasing errors and exponential tilting},
	Volume = {29},
	Year = {1999}}

@article{JiRe10,
	Author = {T. Jin and J. Ren},
	Date-Added = {2015-03-22 20:07:17 +0000},
	Date-Modified = {2015-03-22 20:08:51 +0000},
	Journal = {Journal of Operational Risk},
	Number = {4},
	Pages = {19},
	Title = {Recursions and fast Fourier transforms for certain bivariate compound distributions},
	Year = {2010}}

@article{JiPrRe14,
	Author = {T. Jin and S. B. Provost and J. Ren},
	Date-Added = {2015-03-22 20:05:01 +0000},
	Date-Modified = {2015-03-22 20:06:20 +0000},
	Journal = {Scandinavian Actuarial Journal},
	Pages = {1-30},
	Title = {Moment-based density approximations for aggregate losses},
	Volume = {(ahead-of-print)},
	Year = {2014}}

@article{He96,
	Author = {O. Hesselager},
	Date-Added = {2015-03-22 17:15:55 +0000},
	Date-Modified = {2015-03-22 17:17:09 +0000},
	Journal = {Astin Bulletin},
	Number = {1},
	Pages = {35-52},
	Title = {Recursions for certain bivariate counting distributions and their compound distributions},
	Volume = {26},
	Year = {1996}}

@article{JiRe14,
	Author = {T. Jin and J. Ren},
	Date-Added = {2015-03-22 16:52:14 +0000},
	Date-Modified = {2015-03-22 16:53:23 +0000},
	Journal = {Scandinavian Actuarial Journal},
	Number = {8},
	Pages = {729-752},
	Title = {Recursions and fast Fourier transforms for a new bivariate aggregate claims model},
	Year = {2014}}

@article{Re12,
	Author = {J. Ren},
	Date-Added = {2015-03-22 16:50:39 +0000},
	Date-Modified = {2015-03-22 16:51:19 +0000},
	Journal = {Insurance: Mathematics and Economics},
	Number = {2},
	Pages = {402-408},
	Title = {A multivariate aggregate loss model},
	Volume = {51},
	Year = {2012}}

@article{CuWi83,
	Author = {J.D. Cummins and L. J. Wiltbank},
	Date-Added = {2015-03-22 16:48:38 +0000},
	Date-Modified = {2015-05-04 11:07:51 +0000},
	Journal = {Journal of Risk and Insurance},
	Pages = {377-403},
	Title = {Estimating the total claims distribution using multivariate frequency and severity distributions},
	Year = {1983}}

@article{Ve99,
	Author = {R. Vernic},
	Date-Added = {2015-03-22 16:34:10 +0000},
	Date-Modified = {2015-03-22 16:34:10 +0000},
	Journal = {Astin Bulletin},
	Title = {Recursive evaluation of some bivariate compound distibutions},
	Year = {1999}}

@article{Su00,
	Author = {B. Sundt},
	Date-Added = {2015-03-22 16:33:37 +0000},
	Date-Modified = {2015-05-04 11:08:57 +0000},
	Journal = {Astin Bulletin},
	Number = {1},
	Pages = {111-122},
	Title = {On multivariate {V}ernic recursions},
	Volume = {30},
	Year = {2000}}

@article{Su99,
	Author = {B. Sundt},
	Date-Added = {2015-03-22 16:33:37 +0000},
	Date-Modified = {2015-03-22 16:33:37 +0000},
	Journal = {Astin Bulletin},
	Number = {1},
	Pages = {29-45},
	Title = {On Multivariate {P}anjer recursions},
	Volume = {29},
	Year = {1999}}

@article{Am98,
	Author = {R.S. Ambagaspitiya},
	Date-Added = {2015-03-22 16:33:27 +0000},
	Date-Modified = {2015-03-22 16:33:27 +0000},
	Journal = {Insurance: Mathematics and Economics},
	Number = {1},
	Pages = {15-19},
	Title = {On the distribution of a sum of correlated aggregate claims},
	Volume = {23},
	Year = {1998}}

@article{Am99,
	Author = {R.S. Ambagaspitiya},
	Date-Added = {2015-03-22 16:33:27 +0000},
	Date-Modified = {2015-03-22 16:33:27 +0000},
	Journal = {Insurance: Mathematics and Economics},
	Number = {3},
	Pages = {301-308},
	Title = {On the distributions of two classes of correlated aggregate claims},
	Volume = {24},
	Year = {1999}}

@article{DP86a,
	Author = {N. De{ }Pril},
	Date-Added = {2015-03-21 09:19:35 +0000},
	Date-Modified = {2015-05-02 13:19:39 +0000},
	Journal = {Scandinavian Actuarial Journal},
	Number = {2},
	Pages = {117-120},
	Title = {Moments of a class of compound distributions},
	Year = {1986}}

@book{KlPaWi12,
	Author = {S. A. Klugman and H. H. Panjer and G. E. Willmot},
	Date-Added = {2015-03-21 08:55:57 +0000},
	Date-Modified = {2015-03-21 08:57:26 +0000},
	Publisher = {John Wiley and sons},
	Title = {Loss models: From data to decision},
	Volume = {715},
	Year = {2012}}

@book{PaWi92,
	Author = {H. H. Panjer and G. E. Willmot},
	Date-Added = {2015-03-21 08:54:12 +0000},
	Date-Modified = {2015-03-21 08:55:23 +0000},
	Publisher = {Society of Actuaries},
	Title = {Insurance risk models},
	Year = {1992}}

@article{CoDe07,
	Author = {C. Courtois and M. Denuit},
	Date-Added = {2015-03-20 20:45:49 +0000},
	Date-Modified = {2015-03-20 20:46:41 +0000},
	Journal = {Astin Bulletin},
	Number = {2},
	Pages = {387},
	Title = {Local moment matching and s-convex extrema},
	Volume = {37},
	Year = {2007}}

@article{Vi00,
	Author = {J. L. Vilar},
	Date-Added = {2015-03-20 20:44:35 +0000},
	Date-Modified = {2015-03-20 20:45:42 +0000},
	Journal = {Insurance: Mathematics and Economics},
	Number = {27},
	Pages = {113-122},
	Title = {Arithmetization of distributions and linear goal programming},
	Volume = {1},
	Year = {2000}}

@article{PaLu83,
	Author = {H. H. Panjer and B. W. Lutek},
	Date-Added = {2015-03-20 19:08:24 +0000},
	Date-Modified = {2015-03-20 19:11:24 +0000},
	Journal = {Insurance: Mathematics and Economics},
	Number = {3},
	Pages = {159-177},
	Title = {Practical aspects of stop-loss calculations},
	Volume = {2},
	Year = {1983}}

@article{Ge82,
	Author = {H. U. Gerber},
	Date-Added = {2015-03-20 19:06:54 +0000},
	Date-Modified = {2015-03-20 19:07:55 +0000},
	Journal = {Insurance: Mathematics and Economics},
	Number = {1},
	Pages = {13-18},
	Title = {On the numerical evaluation of the distribution of aggregate claims and its stop-loss premiums},
	Volume = {1},
	Year = {1982}}

@article{GeJo76,
	Author = {H. U. Gerber and D. Jones},
	Date-Added = {2015-03-20 18:59:06 +0000},
	Date-Modified = {2015-03-20 19:01:27 +0000},
	Journal = {Transaction of the Society of Actuary},
	Pages = {215-231},
	Title = {Some practical considerations in connection with the calculation of stop-loss premiums},
	Volume = {28},
	Year = {1976}}

@article{WaPa98,
	Author = {J. F. Walhin and J. Paris},
	Date-Added = {2015-03-20 18:56:05 +0000},
	Date-Modified = {2015-03-20 18:57:03 +0000},
	Journal = {Astin Bulletin},
	Number = {2},
	Pages = {241-255},
	Title = {On the use of equispaced discrete distributions},
	Volume = {28},
	Year = {1998}}

@article{St85,
	Author = {B. Str{\"o}ter},
	Date-Added = {2015-03-20 17:36:33 +0000},
	Date-Modified = {2015-03-20 17:38:12 +0000},
	Journal = {Bl{\"a}ter der DGVFM},
	Number = {1},
	Pages = {1-14},
	Title = {The numerical evaluation of the aggregate clim density function via integral equations},
	Volume = {17},
	Year = {1985}}

@article{Su92,
	Author = {B. Sundt},
	Date-Added = {2015-03-20 17:15:58 +0000},
	Date-Modified = {2015-03-20 17:18:50 +0000},
	Journal = {Astin Bulletin},
	Number = {1},
	Pages = {61-80},
	Title = {On some extensions of Panjer's class of counting distributions},
	Volume = {22},
	Year = {1992}}

@book{AbSt72,
	Address = {New York, Dover},
	Author = {M. Abrahamowitz and I. A. Stegun},
	Date-Added = {2015-03-12 08:35:30 +0000},
	Date-Modified = {2015-03-12 09:22:46 +0000},
	Number = {5},
	Title = {Handbook of mathematical functions},
	Volume = {1},
	Year = {1972}}

@article{Su02,
	Author = {B. Sundt},
	Date-Added = {2015-03-11 15:19:14 +0000},
	Date-Modified = {2015-03-11 15:23:22 +0000},
	Journal = {Insurance: Mathematics and Economics},
	Number = {3},
	Pages = {297-322},
	Title = {Recursive evaluation of a aggregate claims distributions},
	Volume = {30},
	Year = {2002}}

@article{SuJe81,
	Author = {B. Sundt and W. S. Jewell},
	Date-Added = {2015-03-11 15:06:47 +0000},
	Date-Modified = {2015-03-11 15:11:32 +0000},
	Journal = {Astin Bulletin},
	Number = {1},
	Pages = {27-39},
	Title = {Further results on recursive evaluation of compound distributions},
	Volume = {12},
	Year = {1981}}

@book{KaGoDhDe08,
	Author = {R. Kaas and M. Goovaerts and J. Dhaene and M. Denuit},
	Date-Added = {2015-03-11 14:40:34 +0000},
	Date-Modified = {2015-03-21 09:07:16 +0000},
	Publisher = {Springer Science and Business Media},
	Title = {Modern actuarial risk theory: using R},
	Volume = {128},
	Year = {2008}}

@book{BoGeHiJoNe97,
	Address = {Schaumburg, Illinois},
	Author = {N. L. Bowers and H. U. Gerber and J. C. Hickman and D. A. Jones and C. J. Nesbitt},
	Date-Added = {2015-03-11 14:31:32 +0000},
	Date-Modified = {2015-03-11 14:38:10 +0000},
	Edition = {2nd},
	Publisher = {The Society of Actuaries},
	Title = {Actuarial Mathematics},
	Year = {1997}}

@article{DhWiSu99,
	Author = {J. Dhaene and G. Willmot and B. Sundt},
	Date-Added = {2015-03-11 14:27:38 +0000},
	Date-Modified = {2015-03-11 14:29:00 +0000},
	Journal = {Scandinavian Actuarial Journal},
	Number = {1},
	Pages = {52-65},
	Title = {Recursions for distribution functions and stop-loss transforms},
	Year = {1999}}

@article{Ko83,
	Author = {P. S. Kornya},
	Date-Added = {2015-03-11 14:20:54 +0000},
	Date-Modified = {2015-03-11 14:23:42 +0000},
	Journal = {Transaction of the Society of Actuary},
	Title = {Distribution of aggregate claims in the individual risk theory, model},
	Year = {1983}}

@article{Hi86,
	Author = {C. Hipp},
	Date-Added = {2015-03-11 14:16:30 +0000},
	Date-Modified = {2015-03-11 14:17:56 +0000},
	Journal = {Astin Bulletin},
	Number = {2},
	Pages = {89-100},
	Title = {Improved approximations for the aggregate claims distribution in the individual model},
	Volume = {16},
	Year = {1986}}

@article{Hi85,
	Author = {C. Hipp},
	Date-Added = {2015-03-11 14:15:18 +0000},
	Date-Modified = {2015-03-11 14:16:27 +0000},
	Journal = {Insurance: Mathematics and Economics},
	Number = {4},
	Pages = {227-232},
	Title = {Approximation of aggregate claims distributions by compound Poisson distributions},
	Volume = {4},
	Year = {1985}}

@article{DhSu97,
	Author = {J. Dhaene and B. Sundt},
	Date-Added = {2015-03-11 14:06:38 +0000},
	Date-Modified = {2015-03-11 14:07:50 +0000},
	Journal = {Astin Bulletin},
	Number = {2},
	Pages = {243-262},
	Title = {On error bounds for approximations to aggregate claims distributions},
	Volume = {21},
	Year = {1997}}

@article{DhSu98,
	Author = {J. Dhaene and B. Sundt},
	Date-Added = {2015-03-11 14:03:56 +0000},
	Date-Modified = {2015-03-11 14:05:03 +0000},
	Journal = {Scandinavian Actuarial Journal},
	Number = {1},
	Pages = {1-23},
	Title = {On approximating distributions by approximating their De Pril transforms},
	Year = {1998}}

@article{DhDP94,
	Author = {J. Dhaene and N. De Pril},
	Date-Added = {2015-03-11 14:00:17 +0000},
	Date-Modified = {2015-03-11 14:02:10 +0000},
	Journal = {Insurance: Mathematics and Economics},
	Number = {2},
	Pages = {181-196},
	Title = {On a class of approximative computation methods in the individual risk model},
	Volume = {14},
	Year = {1994}}

@article{DP88,
	Author = {N. De{ }Pril},
	Date-Added = {2015-03-11 13:49:11 +0000},
	Date-Modified = {2015-05-02 13:20:41 +0000},
	Journal = {Scandinavian Actuarial Journal},
	Pages = {61-68},
	Title = {Improved approximations for the aggregate claims distribution of a life insurance portfolio},
	Year = {1988}}

@article{DP85,
	Author = {N. De Pril},
	Date-Added = {2015-03-11 11:33:38 +0000},
	Date-Modified = {2015-03-11 11:34:49 +0000},
	Journal = {Astin Bulletin},
	Number = {2},
	Pages = {135-139},
	Title = {Recursions for convolutions of arithmetic distributions},
	Volume = {15},
	Year = {1985}}

@book{AsAl10,
	Author = {S. Asmussen and H. Albrecher},
	Date-Added = {2015-02-20 09:34:51 +0000},
	Date-Modified = {2015-02-20 09:34:51 +0000},
	Publisher = {World Scientific},
	Rating = {5},
	Read = {0},
	Series = {Advanced Series on Statistical Science and Applied Probability},
	Title = {Ruin Probabilities},
	Volume = {14},
	Year = {2010}}

@article{Di95,
	Author = {D. C. M. Dickson},
	Date-Added = {2015-02-20 09:34:43 +0000},
	Date-Modified = {2015-02-20 09:34:43 +0000},
	Journal = {British Actuarial Journal},
	Keywords = {Collective Risk Model; Probability of ruin; Individual Risk Model},
	Month = {April},
	Number = {1},
	Pages = {107-124},
	Title = {A review of {P}anjer's recursion formula and it's applications},
	Volume = {1},
	Year = {1995}}

@article{EmFr09,
	Author = {P. Embrechts and M. Frei},
	Date-Added = {2015-02-20 09:34:37 +0000},
	Date-Modified = {2015-02-20 09:34:37 +0000},
	Journal = {Mathematical Methods of Operations Research},
	Month = {July},
	Pages = {497-508},
	Title = {{P}anjer recursion versus {F}{F}{T} for compound distribution},
	Volume = {69},
	Year = {2009}}

@book{RoScScTe99,
	Author = {T. Rolski and H. Schmidli and V. Schmidt and J.Teugels},
	Date-Added = {2015-02-20 09:34:06 +0000},
	Date-Modified = {2015-02-20 09:34:06 +0000},
	Publisher = {Wiley series in probability and statistics},
	Title = {Stochastic Processes for Insurance and Finance},
	Year = {1999},
	Bdsk-File-1 = {YnBsaXN0MDDUAQIDBAUGJCVYJHZlcnNpb25YJG9iamVjdHNZJGFyY2hpdmVyVCR0b3ASAAGGoKgHCBMUFRYaIVUkbnVsbNMJCgsMDxJXTlMua2V5c1pOUy5vYmplY3RzViRjbGFzc6INDoACgAOiEBGABIAFgAdccmVsYXRpdmVQYXRoWWFsaWFzRGF0YV8QOS4uL0JvdXF1aW5UaFJ1aW5lL3N0b2NoYXN0aWMgcHJvYyBmb3IgZmluYW4gYW5kIGluc3VyLnBkZtIXCxgZV05TLmRhdGFPEQIMAAAAAAIMAAIAAAxNYWNpbnRvc2ggSEQAAAAAAAAAAAAAAAAAAADK2KVjSCsAAAANe0Yfc3RvY2hhc3RpYyBwcm9jIGZvciBmI0Q1QzhBLnBkZgAAAAAAAAAAAAAAAAAAAAAAAAAAAAAAAAAAAAAAAAAAAA1cisWqUS4AAAAAAAAAAAABAAIAAAkgAAAAAAAAAAAAAAAAAAAADkJvdXF1aW5UaFJ1aW5lABAACAAAytiXUwAAABEACAAAxapDHgAAAAEAEAANe0YACu6QAArugwAAkZAAAgBZTWFjaW50b3NoIEhEOlVzZXJzOnBpZXJyZW9saXZpZXI6RG9jdW1lbnRzOkJvdXF1aW5UaFJ1aW5lOnN0b2NoYXN0aWMgcHJvYyBmb3IgZiNENUM4QS5wZGYAAA4AUAAnAHMAdABvAGMAaABhAHMAdABpAGMAIABwAHIAbwBjACAAZgBvAHIAIABmAGkAbgBhAG4AIABhAG4AZAAgAGkAbgBzAHUAcgAuAHAAZABmAA8AGgAMAE0AYQBjAGkAbgB0AG8AcwBoACAASABEABIAVFVzZXJzL3BpZXJyZW9saXZpZXIvRG9jdW1lbnRzL0JvdXF1aW5UaFJ1aW5lL3N0b2NoYXN0aWMgcHJvYyBmb3IgZmluYW4gYW5kIGluc3VyLnBkZgATAAEvAAAVAAIAFP//AACABtIbHB0eWiRjbGFzc25hbWVYJGNsYXNzZXNdTlNNdXRhYmxlRGF0YaMdHyBWTlNEYXRhWE5TT2JqZWN00hscIiNcTlNEaWN0aW9uYXJ5oiIgXxAPTlNLZXllZEFyY2hpdmVy0SYnVHJvb3SAAQAIABEAGgAjAC0AMgA3AEAARgBNAFUAYABnAGoAbABuAHEAcwB1AHcAhACOAMoAzwDXAucC6QLuAvkDAgMQAxQDGwMkAykDNgM5A0sDTgNTAAAAAAAAAgEAAAAAAAAAKAAAAAAAAAAAAAAAAAAAA1U=}}

@article{Pa81,
	Author = {H. H. Panjer},
	Date-Added = {2015-02-20 09:33:59 +0000},
	Date-Modified = {2015-02-20 09:33:59 +0000},
	Journal = {Astin Bulletin},
	Number = {1},
	Pages = {22-26},
	Title = {Recursive evaluation of a family of compound distributions},
	Volume = {12},
	Year = {1981}}

@article{DhRiVe06,
	Author = {J. Dhaene and C. Ribas and R. Vernic},
	Date-Added = {2015-02-19 15:55:44 +0000},
	Date-Modified = {2015-02-19 15:58:37 +0000},
	Journal = {Acta Mathematicae Applicatae Sinica},
	Number = {4},
	Pages = {543-564},
	Title = {Recursions for the individual risk model},
	Volume = {22},
	Year = {2006}}

@article{DP86b,
	Author = {N. De Pril},
	Date-Added = {2015-02-19 14:50:57 +0000},
	Date-Modified = {2015-03-21 09:20:44 +0000},
	Journal = {Astin Bulletin},
	Number = {02},
	Pages = {109-112},
	Title = {On the exact computation of the aggregate claims distribution in the individual life model},
	Volume = {16},
	Year = {1986}}

@article{DP89,
	Author = {N. De{ }Pril},
	Date-Added = {2015-02-19 14:49:38 +0000},
	Date-Modified = {2015-05-02 13:21:02 +0000},
	Journal = {Astin Bulletin},
	Number = {01},
	Pages = {9-24},
	Title = {The aggregate claims distribution in the individual model with arbitrary positive claims},
	Volume = {19},
	Year = {1989}}
