%% This BibTeX bibliography file was created using BibDesk.
%% http://bibdesk.sourceforge.net/


%% Created for pierro goffard at 2016-02-29 14:36:22 +0100 


%% Saved with string encoding Unicode (UTF-8) 



@article{DP86a,
	Author = {N. De Pril},
	Date-Added = {2015-04-29 19:13:21 +0000},
	Date-Modified = {2015-04-29 19:13:21 +0000},
	Journal = {Scandinavian Actuarial Journal},
	Number = {2},
	Pages = {117-120},
	Title = {Moments of a class of compound distributions},
	Year = {1986}}

@article{Do70,
	Author = {F. Dowton},
	Date-Added = {2015-04-27 07:31:21 +0000},
	Date-Modified = {2015-04-27 07:31:21 +0000},
	Journal = {Journal of the Royal Statistical Society. Series B (Methodological)},
	Pages = {408-417},
	Title = {Bivariate exponential distributions in reliabilty theory},
	Year = {1970}}

@article{Ta78,
	Author = {G. Taylor},
	Date-Added = {2015-04-24 15:21:48 +0000},
	Date-Modified = {2015-04-24 15:21:48 +0000},
	Journal = {Scandinavian Actuarial Journal},
	Pages = {1-18},
	Title = {Representation and explicit calculation of finite-time ruin probabilities},
	Year = {1978}}

@article{AlTeTi01,
	Author = {H. Albrecher and J. Teugels and R. Tichy},
	Date-Added = {2015-04-24 15:21:28 +0000},
	Date-Modified = {2015-04-24 15:21:28 +0000},
	Journal = {Insurance: Mathematics and Economics},
	Keywords = {Classical risk model; Ruin probabilities; Finite time interval; Real interest force},
	Number = {29},
	Pages = {345-355},
	Title = {On a gamma series expansion for the time dependent probability of collective ruin},
	Year = {2001}}

@article{MnSa13,
	Author = {R. M. Mnatsakanov and K. Sarkisian},
	Date-Added = {2015-04-22 16:38:46 +0000},
	Date-Modified = {2015-04-22 16:38:46 +0000},
	Journal = {Applied Mathematics and Computation},
	Pages = {8730-8737},
	Title = {A note on recovering the distribution from exponential moments},
	Volume = {219},
	Year = {2013}}

@book{RoScScTe99,
	Author = {T. Rolski and H. Schmidli and V. Schmidt and J.Teugels},
	Date-Added = {2015-04-22 16:38:19 +0000},
	Date-Modified = {2015-04-22 16:38:19 +0000},
	Publisher = {Wiley series in probability and statistics},
	Title = {Stochastic Processes for Insurance and Finance},
	Year = {1999},
	Bdsk-File-1 = {YnBsaXN0MDDUAQIDBAUGJCVYJHZlcnNpb25YJG9iamVjdHNZJGFyY2hpdmVyVCR0b3ASAAGGoKgHCBMUFRYaIVUkbnVsbNMJCgsMDxJXTlMua2V5c1pOUy5vYmplY3RzViRjbGFzc6INDoACgAOiEBGABIAFgAdccmVsYXRpdmVQYXRoWWFsaWFzRGF0YV8QOS4uL0JvdXF1aW5UaFJ1aW5lL3N0b2NoYXN0aWMgcHJvYyBmb3IgZmluYW4gYW5kIGluc3VyLnBkZtIXCxgZV05TLmRhdGFPEQIMAAAAAAIMAAIAAAxNYWNpbnRvc2ggSEQAAAAAAAAAAAAAAAAAAADK2KVjSCsAAAANe0Yfc3RvY2hhc3RpYyBwcm9jIGZvciBmI0Q1QzhBLnBkZgAAAAAAAAAAAAAAAAAAAAAAAAAAAAAAAAAAAAAAAAAAAA1cisWqUS4AAAAAAAAAAAABAAIAAAkgAAAAAAAAAAAAAAAAAAAADkJvdXF1aW5UaFJ1aW5lABAACAAAytiXUwAAABEACAAAxapDHgAAAAEAEAANe0YACu6QAArugwAAkZAAAgBZTWFjaW50b3NoIEhEOlVzZXJzOnBpZXJyZW9saXZpZXI6RG9jdW1lbnRzOkJvdXF1aW5UaFJ1aW5lOnN0b2NoYXN0aWMgcHJvYyBmb3IgZiNENUM4QS5wZGYAAA4AUAAnAHMAdABvAGMAaABhAHMAdABpAGMAIABwAHIAbwBjACAAZgBvAHIAIABmAGkAbgBhAG4AIABhAG4AZAAgAGkAbgBzAHUAcgAuAHAAZABmAA8AGgAMAE0AYQBjAGkAbgB0AG8AcwBoACAASABEABIAVFVzZXJzL3BpZXJyZW9saXZpZXIvRG9jdW1lbnRzL0JvdXF1aW5UaFJ1aW5lL3N0b2NoYXN0aWMgcHJvYyBmb3IgZmluYW4gYW5kIGluc3VyLnBkZgATAAEvAAAVAAIAFP//AACABtIbHB0eWiRjbGFzc25hbWVYJGNsYXNzZXNdTlNNdXRhYmxlRGF0YaMdHyBWTlNEYXRhWE5TT2JqZWN00hscIiNcTlNEaWN0aW9uYXJ5oiIgXxAPTlNLZXllZEFyY2hpdmVy0SYnVHJvb3SAAQAIABEAGgAjAC0AMgA3AEAARgBNAFUAYABnAGoAbABuAHEAcwB1AHcAhACOAMoAzwDXAucC6QLuAvkDAgMQAxQDGwMkAykDNgM5A0sDTgNTAAAAAAAAAgEAAAAAAAAAKAAAAAAAAAAAAAAAAAAAA1U=}}

@article{AbWh92,
	Author = {J. Abate and W. Whitt},
	Date-Added = {2015-04-22 16:30:39 +0000},
	Date-Modified = {2015-04-22 16:30:39 +0000},
	Journal = {Queueing Systems},
	Pages = {5-88},
	Title = {The {F}ourier-series method for inverting transforms of probability distributions.},
	Volume = {10},
	Year = {1992}}

@article{EmMaTe85,
	Author = {P. Embrechts and M. Maejima and J. L. Teugels},
	Date-Added = {2015-04-17 14:34:08 +0000},
	Date-Modified = {2015-04-17 14:35:42 +0000},
	Journal = {Astin Bulletin},
	Number = {1},
	Pages = {45-48},
	Title = {Asymptotic behavior of compound distributions},
	Volume = {15},
	Year = {1985}}

@article{Su82,
	Author = {B. Sundt},
	Date-Added = {2015-04-17 08:38:31 +0000},
	Date-Modified = {2015-04-17 08:40:36 +0000},
	Journal = {Astin Bulletin},
	Number = {2},
	Pages = {89-98},
	Title = {Asymptotic behaviour of compound distributions and stop-loss premiums},
	Volume = {13},
	Year = {1982}}

@article{PaPaPo01,
	Author = {D. E. Papush and G. S. Patrick and F. Podgaits},
	Date-Added = {2015-04-17 08:36:39 +0000},
	Date-Modified = {2015-04-17 08:38:22 +0000},
	Journal = {CAS Forum (winter)},
	Pages = {175-186},
	Title = {Approximations of the aggregate loss distribution},
	Year = {2001}}

@book{BaLa09,
	Author = {N. Balakrihsnan and C. D. Lai},
	Date-Added = {2015-04-07 09:33:16 +0000},
	Date-Modified = {2015-04-07 09:35:37 +0000},
	Publisher = {Springer Science and Business Media},
	Title = {Continuous bivariate distributions},
	Year = {2009}}

@article{Pr05,
	Author = {S. B. Provost},
	Date-Added = {2015-04-04 13:03:42 +0000},
	Date-Modified = {2015-04-04 13:03:42 +0000},
	Journal = {Mathematica Journal},
	Number = {4},
	Pages = {727-756},
	Title = {Moment-based density approximants},
	Volume = {9},
	Year = {2005}}

@article{JiPrRe14,
	Author = {T. Jin and S. B. Provost and J. Ren},
	Date-Added = {2015-04-04 13:03:20 +0000},
	Date-Modified = {2015-04-04 13:03:20 +0000},
	Journal = {Scandinavian Actuarial Journal},
	Pages = {1-30},
	Title = {Moment-based density approximations for aggregate losses},
	Volume = {(ahead-of-print)},
	Year = {2014}}

@article{GoLoPo15b,
	Author = {Goffard, Pierre-Olivier and S. Loisel and D. Pommeret},
	Date-Added = {2015-04-04 13:03:08 +0000},
	Date-Modified = {2015-08-18 13:39:26 +0000},
	Journal = {Working Paper},
	Title = {Polynomial approximations for bivariate aggregate claim amount probability distributions},
	Year = {2015}}

@article{GoLoPo15a,
	Author = {Goffard, Pierre-Olivier and S. Loisel and D. Pommeret},
	Date-Added = {2015-04-04 13:01:57 +0000},
	Date-Modified = {2015-08-18 13:39:27 +0000},
	Journal = {Journal of Computational and Applied Mathematics},
	Title = {A polynomial expansion to approximate the ultimate ruin probability in the compound {P}oisson ruin model},
	Year = {2015}}

@article{AbChWh95,
	Author = {J. Abate and G.L. Choudhury and W. Whitt},
	Date-Added = {2015-04-04 13:01:49 +0000},
	Date-Modified = {2015-04-04 13:01:49 +0000},
	Journal = {INFORMS Journal on Computing},
	Number = {4},
	Pages = {413-427},
	Title = {On the {L}aguerre method for numerically inverting {L}aplace transforms},
	Volume = {8},
	Year = {1995}}

@article{AbChWh98,
	Author = {J. Abate and G.L. Choudhury and W. Whitt},
	Date-Added = {2015-04-04 13:01:46 +0000},
	Date-Modified = {2015-04-04 13:01:46 +0000},
	Journal = {Performance Evaluation},
	Number = {3},
	Pages = {229-243},
	Title = {Numerical inversion of multidimensional {L}aplace transform by the {L}aguerre method},
	Volume = {31},
	Year = {1998}}

@book{Sz39,
	Author = {G. Szeg{\"o}},
	Date-Added = {2015-04-03 14:46:54 +0000},
	Date-Modified = {2015-04-03 14:46:54 +0000},
	Publisher = {American mathematical society Colloquium publications},
	Title = {Orthogonal Polynomials},
	Volume = {XXIII},
	Year = {1939}}

@book{Na65,
	Author = {B. Sz{\"o}kefalvi-Nagy},
	Date-Added = {2015-03-10 14:10:41 +0000},
	Date-Modified = {2015-03-10 14:12:13 +0000},
	Publisher = {Akad{\'e}miai Kiad{\`o}},
	Title = {Introduction to real functions and orthogonal expansions},
	Year = {1965}}

@article{SzRiBa07,
	Author = {G. J. Sz{\'e}kely and M. L. Rizzo and N. K. Bakirov},
	Date-Added = {2015-03-10 10:28:28 +0000},
	Date-Modified = {2015-03-10 10:30:28 +0000},
	Journal = {The Annals of Statistics},
	Number = {6},
	Pages = {2769-2794},
	Title = {Measuring and testing dependance by correlation of distances},
	Volume = {35},
	Year = {2007}}

@article{Ea64,
	Author = {G. K. Eagleson},
	Date-Added = {2015-03-10 10:21:00 +0000},
	Date-Modified = {2015-03-10 10:22:53 +0000},
	Journal = {The Annals of Mathematical Statistics},
	Pages = {1208-1215},
	Title = {Polynomial expansions of bivariate distributions},
	Year = {1964}}

@article{DuEdRi15,
	Author = {J. Dueck and D. Edelmann and D. Richards},
	Date-Added = {2015-03-10 09:47:17 +0000},
	Date-Modified = {2015-03-10 09:48:31 +0000},
	Journal = {arXiv preprint},
	Title = {Distance correlation Coefficients for Lancaster Distributions},
	Year = {2015}}

@book{La05,
	Author = {H.O. Lancaster and E. Seneta},
	Date-Added = {2015-03-10 09:29:34 +0000},
	Date-Modified = {2015-03-10 09:29:34 +0000},
	Publisher = {John Wiley And sons, Ltd},
	Title = {Chi-Square Distribution},
	Year = {2005}}

@article{Ko98,
	Author = {A. E. Koudou},
	Date-Added = {2015-03-10 09:29:23 +0000},
	Date-Modified = {2015-05-04 07:52:26 +0000},
	Journal = {Test},
	Number = {1},
	Pages = {95-110},
	Title = {Lancaster bivariate probability distributions with {P}oisson, negative binomial and gamma margins},
	Volume = {7},
	Year = {1998}}

@article{DiKhSa08,
	Author = {P. Diaconis and K. Khare and L. Saloff-Coste},
	Date-Added = {2015-03-10 09:29:12 +0000},
	Date-Modified = {2015-03-10 09:29:12 +0000},
	Journal = {Statistical Science},
	Number = {2},
	Pages = {151-178},
	Title = {Gibbs sampling, exponential families and orthogonal polynomials},
	Volume = {23},
	Year = {2008}}

@article{DiaGri12,
	Author = {P. Diaconis and R. Griffiths},
	Date-Added = {2015-03-09 10:41:44 +0000},
	Date-Modified = {2015-03-09 10:41:44 +0000},
	Journal = {Australian and New Zealand Journal of Statistics},
	Number = {1},
	Pages = {81-101},
	Title = {Exchangeables pairs of {B}ernouilli random variables, {K}rawtchouck polynomials, and {E}hrenfest urns},
	Volume = {54},
	Year = {2012}}

@phdthesis{Ko95,
	Address = {Toulouse},
	Author = {A. E. Koudou},
	Date-Added = {2015-03-09 10:41:32 +0000},
	Date-Modified = {2015-03-10 13:32:14 +0000},
	Title = {Probl{\`e}mes de marges et familles exponentielles naturelles},
	Year = {1995}}

@article{Ko96,
	Author = {A. E. Koudou},
	Date-Added = {2015-03-09 10:41:32 +0000},
	Date-Modified = {2015-03-10 13:32:21 +0000},
	Journal = {Expositiones Mathematicae},
	Pages = {247-276},
	Title = {Probabilit{\'e}s de {L}ancaster},
	Volume = {14},
	Year = {1996}}

@article{La58,
	Author = {H.O. Lancaster},
	Date-Added = {2015-03-09 10:41:32 +0000},
	Date-Modified = {2015-03-10 09:29:39 +0000},
	Journal = {The Annals of Mathematical Statistics},
	Pages = {719-736},
	Title = {The structure of bivariate distributions},
	Year = {1958}}

@book{RoWrDy88,
	Address = {New York},
	Author = {T. Robertson and F. T. Wright and R. L. Dykstra},
	Date-Added = {2015-02-28 15:18:42 +0000},
	Date-Modified = {2015-02-28 15:18:42 +0000},
	Publisher = {Wiley},
	Title = {Order restricted statistical inference},
	Year = {1988}}

@article{BeDu98,
	Author = {R. Beran and L. Dumbgen},
	Date-Added = {2015-02-27 17:23:17 +0000},
	Date-Modified = {2015-02-27 17:26:16 +0000},
	Journal = {The Annals of Statistics},
	Pages = {1826-1856},
	Title = {Modulation estimators and confidence sets},
	Year = {1998}}

@article{Be00,
	Author = {R. Beran},
	Date-Added = {2015-02-27 17:21:59 +0000},
	Date-Modified = {2015-05-04 07:51:39 +0000},
	Journal = {Journal of the American Statistical Association},
	Number = {449},
	Pages = {155-171},
	Title = {REACT scatterplot smoothers: Superefficiency through basis economy},
	Volume = {95},
	Year = {2000}}

@article{St81,
	Author = {C. M. Stein},
	Date-Added = {2015-02-26 16:09:42 +0000},
	Date-Modified = {2015-02-26 16:11:11 +0000},
	Journal = {The Annals of Statistics},
	Pages = {1135-1151},
	Title = {Estimation of the mean of a multivariate normal distribution.},
	Year = {1981}}

@article{PrJi12,
	Author = {S.B. Provost and M. Jiang},
	Date-Added = {2015-02-26 09:44:12 +0000},
	Date-Modified = {2015-02-26 09:44:12 +0000},
	Journal = {International Journal of Computational and Mathematical Sciences},
	Pages = {12-29},
	Title = {Orthogonal polynomial density estimates: Alternative representation and degree selection},
	Volume = {6},
	Year = {2012}}

@article{Wa69,
	Author = {G. S. Watson},
	Date-Added = {2015-02-25 18:28:24 +0000},
	Date-Modified = {2015-02-25 18:29:42 +0000},
	Journal = {The Annals of Statistics},
	Pages = {1496-1498},
	Title = {Density estimation by othogonal series},
	Year = {1969}}

@book{Ef99,
	Author = {S. Efromovich},
	Date-Added = {2015-02-25 16:47:53 +0000},
	Date-Modified = {2015-02-25 16:49:33 +0000},
	Publisher = {Springer Science and Business Media},
	Title = {Nonparametric curve estimation: methods, theory and applications},
	Year = {1999}}

@article{GrPa84,
	Author = {W. Greblicki and M. Pawlak},
	Date-Added = {2015-02-25 16:40:16 +0000},
	Date-Modified = {2015-02-25 16:41:41 +0000},
	Journal = {Journal of Multivariate Analysis},
	Number = {2},
	Pages = {174-182},
	Title = {Hermite series estimates of a probability density and its derivatives},
	Volume = {15},
	Year = {1984}}

@article{Wa77,
	Author = {G.G. Walter},
	Date-Added = {2015-02-25 16:38:38 +0000},
	Date-Modified = {2015-05-04 07:52:57 +0000},
	Journal = {The Annals of Statistics},
	Pages = {1258-1264},
	Title = {Properties of {H}ermite series estimation of probability densityHermite series estimation of probability density},
	Year = {1977}}

@article{Ga86,
	Author = {L. Gajek},
	Date-Added = {2015-02-25 16:35:28 +0000},
	Date-Modified = {2015-02-25 16:36:26 +0000},
	Journal = {The Annals of Statistics},
	Number = {4},
	Pages = {1612-1618},
	Title = {On improving density estimators which are not bona fide functions},
	Volume = {14},
	Year = {1986}}

@article{AnFi80,
	Author = {G. L. Anderson and R. J. Figueiredo},
	Date-Added = {2015-02-25 16:34:05 +0000},
	Date-Modified = {2015-02-25 16:35:19 +0000},
	Journal = {The Annals of Statistics},
	Pages = {347-376},
	Title = {An adaptative orthogonal-series estimator for probability density functions},
	Year = {1980}}

@article{DiHa86,
	Author = {P.J. Diggle and P. Hall},
	Date-Added = {2015-02-25 16:13:00 +0000},
	Date-Modified = {2015-02-26 09:31:17 +0000},
	Journal = {Journal of the American Statistical Association},
	Number = {393},
	Pages = {230-233},
	Title = {The selection of terms in an orthogonal series density estimator},
	Volume = {81},
	Year = {1986}}

@article{KrTa68,
	Author = {R. Kronmal and M. Tarter},
	Date-Added = {2015-02-25 16:12:51 +0000},
	Date-Modified = {2015-05-04 07:52:34 +0000},
	Journal = {Journal of the American Statistical Association},
	Pages = {925-952},
	Title = {The estimation of probabiliy densities and cumulatives by {F}ourier series methods},
	Year = {1968}}

@article{Sc67,
	Author = {S.C. Schwartz},
	Date-Added = {2015-02-25 16:12:18 +0000},
	Date-Modified = {2015-02-26 13:23:38 +0000},
	Journal = {The Annals of Mathematical Statistics},
	Pages = {1261-1265},
	Title = {Estimation of probability density by an orthogonal series},
	Year = {1967}}

@article{Ha80,
	Author = {P. Hall},
	Date-Added = {2015-02-25 16:12:06 +0000},
	Date-Modified = {2015-02-25 16:12:06 +0000},
	Journal = {Annals of the institute of Statistical Mathematics},
	Number = {1},
	Pages = {351-362},
	Title = {Estimating a density on the positive half line by the method of orthogonal series},
	Volume = {32},
	Year = {1980}}

@article{Ce62,
	Author = {N. N. Cencov},
	Date-Added = {2015-02-25 16:09:32 +0000},
	Date-Modified = {2015-02-25 16:10:55 +0000},
	Journal = {Dokl. Akad. Nauk, SSSR},
	Pages = {45-48},
	Title = {Estimation of an unknown density function from observations},
	Volume = {147},
	Year = {1962}}

@article{Wh58,
	Author = {P. Whittle},
	Date-Added = {2015-02-25 15:34:05 +0000},
	Date-Modified = {2015-02-25 15:35:30 +0000},
	Journal = {Journal of the Royal Statistical Society. Series B (Methodological)},
	Pages = {334-343},
	Title = {On the smoothing of probability density functions},
	Year = {1958}}

@article{Bu92,
	Author = {S. T. Buckland},
	Date-Added = {2015-02-25 15:30:13 +0000},
	Date-Modified = {2015-02-25 15:31:31 +0000},
	Journal = {Applied Statistics},
	Pages = {63-76},
	Title = {Fitting density functions with polynomials},
	Year = {1992}}

@article{Br78,
	Author = {H. D. Brunk},
	Date-Added = {2015-02-25 15:28:55 +0000},
	Date-Modified = {2015-05-04 07:51:49 +0000},
	Journal = {Biometrika},
	Number = {3},
	Pages = {521-528},
	Title = {Univariate density estimation by orthogonal series},
	Volume = {65},
	Year = {1978}}

@article{HjGl95,
	Author = {N. L. Hjort and I. K. Glad},
	Date-Added = {2015-02-25 15:27:11 +0000},
	Date-Modified = {2015-02-25 15:28:28 +0000},
	Journal = {The Annals of Statistics},
	Pages = {882-904},
	Title = {Nonparametric density estimation with a parametric start},
	Year = {1995}}

@book{Wa06,
	Author = {Larry Wasserman},
	Date-Added = {2015-02-24 15:33:42 +0000},
	Date-Modified = {2015-02-25 11:04:10 +0000},
	Publisher = {Springer},
	Title = {All of nonparametric statistics},
	Year = {2006}}

@book{Ba78,
	Author = {Barndorff-Nielsen, O.},
	Date-Added = {2015-02-22 16:45:00 +0000},
	Date-Modified = {2015-02-22 16:45:00 +0000},
	Publisher = {Wiley},
	Title = {Information and exponential Families in Statistical Theory},
	Year = {1978}}

@article{Mo82,
	Author = {Carl N. Morris},
	Date-Added = {2015-02-22 16:44:53 +0000},
	Date-Modified = {2015-02-22 16:44:53 +0000},
	Journal = {The Annals of Mathematical Statistics},
	Number = {1},
	Pages = {65-80},
	Title = {Natural {E}xponential {F}amilies with {Q}uadratic {V}ariance {F}unctions},
	Volume = {10},
	Year = {1982},
	Bdsk-File-1 = {YnBsaXN0MDDUAQIDBAUGJCVYJHZlcnNpb25YJG9iamVjdHNZJGFyY2hpdmVyVCR0b3ASAAGGoKgHCBMUFRYaIVUkbnVsbNMJCgsMDxJXTlMua2V5c1pOUy5vYmplY3RzViRjbGFzc6INDoACgAOiEBGABIAFgAdccmVsYXRpdmVQYXRoWWFsaWFzRGF0YV8QLC4uLy4uLy4uL0Rvd25sb2Fkcy9ldWNsaWQuYW9zLjExNzYzNDU2OTAucGRm0hcLGBlXTlMuZGF0YU8RAboAAAAAAboAAgAADE1hY2ludG9zaCBIRAAAAAAAAAAAAAAAAAAAAMtp+39IKwAAAAXYjhlldWNsaWQuYW9zLjExNzYzNDU2OTAucGRmAAAAAAAAAAAAAAAAAAAAAAAAAAAAAAAAAAAAAAAAAAAAAAAAAAAABdjozH9pkQAAAAAAAAAAAAMAAgAACSAAAAAAAAAAAAAAAAAAAAAJRG93bmxvYWRzAAAQAAgAAMtp7W8AAAARAAgAAMx/TXEAAAABAAwABdiOAAXUnAAAuVcAAgBHTWFjaW50b3NoIEhEOlVzZXJzOgBwaWVycmVvbGl2aWVyOgBEb3dubG9hZHM6AGV1Y2xpZC5hb3MuMTE3NjM0NTY5MC5wZGYAAA4ANAAZAGUAdQBjAGwAaQBkAC4AYQBvAHMALgAxADEANwA2ADMANAA1ADYAOQAwAC4AcABkAGYADwAaAAwATQBhAGMAaQBuAHQAbwBzAGgAIABIAEQAEgA3VXNlcnMvcGllcnJlb2xpdmllci9Eb3dubG9hZHMvZXVjbGlkLmFvcy4xMTc2MzQ1NjkwLnBkZgAAEwABLwAAFQACABT//wAAgAbSGxwdHlokY2xhc3NuYW1lWCRjbGFzc2VzXU5TTXV0YWJsZURhdGGjHR8gVk5TRGF0YVhOU09iamVjdNIbHCIjXE5TRGljdGlvbmFyeaIiIF8QD05TS2V5ZWRBcmNoaXZlctEmJ1Ryb290gAEACAARABoAIwAtADIANwBAAEYATQBVAGAAZwBqAGwAbgBxAHMAdQB3AIQAjgC9AMIAygKIAooCjwKaAqMCsQK1ArwCxQLKAtcC2gLsAu8C9AAAAAAAAAIBAAAAAAAAACgAAAAAAAAAAAAAAAAAAAL2}}
